3664 5734
353 569 356 574 -
379 527 445 591 550

379 739 417 803 Ε.
437 739 668 823 5555555ὴί15,
693 739 856 818 tirolensis,
881 739 1130 822 cristatopelpua,
1155 739 1406 819 inanimantia-
1424 744 1546 820 remota,
1570 739 1648 824 1555·

379 867 459 928 rum,
482 883 524 893 —
548 853 629 926 atra,
655 867 759 930 capra.

486 951 523 1016 In
549 953 691 1038 Erigone
724 953 852 1038 5595551
890 951 956 1037 (fig.
981 953 1035 1032 54)
1060 951 1140 1014 dens
1167 951 1349 1036 „posticus“
1391 951 1499 1016 calcar
1533 950 1648 1016 format

379 1057 523 1142 longum,
557 1072 605 1122 sat
629 1058 760 1144 gracile,
785 1058 945 1123 anteriora
976 1081 1090 1123 versus
1115 1057 1277 1146 55555115
1308 1057 1460 1122 deorsum
1485 1057 1649 1142 directum,

380 1187 478 1252 prope
502 1187 521 1228 5
544 1187 622 1230 5555
646 1167 737 1250 55155
761 1165 928 1230 anfractus
964 1164 1083 1230 besalis
1118 1164 1252 1228 secundi
1277 1166 1382 1228 situm.
1417 1166 1540 1230 Dentes
1568 1187 1649 1249 „me-

381 1271 473 1336 dius“
500 1284 532 1336 et
557 1273 722 1356 „anticus“
749 1273 846 1338 etiam
870 1271 1020 1356 elongati,
1043 1273 1214 1354 tenuiores,
1238 1269 1325 1335 foras
1349 1282 1381 1336 et
1396 1273 1557 1336 anteriora
1580 1293 1651 1336 ver-

381 1402 436 1444 sus
460 1378 584 1464 directi,
607 1381 734 1443 anticus
760 1379 866 1444 medio
890 1379 1020 1444 brevior
1044 1391 1075 1444 et
1098 1379 1206 1442 minus
1230 1377 1363 1463 gracilis
1380 1381 1411 1460 ¹).

487 1487 645 1572 Emporiae
668 1487 821 1552 tirolensis
843 1487 909 1570 (fig.
934 1489 985 1567 40,
1009 1488 1061 1567 52,
1086 1488 1141 1570 64)
1165 1486 1245 1550 dens
1270 1489 1411 1571 posticas
1429 1485 1572 1550 conchae
1587 1485 1650 1548 for-

381 1615 465 1657 mam
490 1592 588 1658 babet
611 1593 713 1657 multo
734 1592 857 1658 latioris
891 1615 988 1680 quam
1014 1593 1176 1677 longioris,
1210 1593 1388 1656 maximam
1425 1605 1546 1678 partem
1579 1615 1651 1657 eum

380 1701 527 1784 margine
551 1699 669 1786 apicali
692 1700 859 1764 anfractus
882 1699 1002 1764 besalis
1034 1699 1169 1764 secundi
1193 1700 1421 1784 contingentis,
1444 1709 1598 1764 curvatae
1621 1711 1651 1763 55

381 1805 544 1893 obliquae:
566 1808 601 1870 in
624 1818 714 1893 parte
731 1809 884 1872 interiore
900 1817 1086 1872 transverse
1110 1807 1240 1892 positae,
1263 1809 1298 1870 in
1314 1808 1474 1872 exteriore
1489 1807 1649 1871 anteriora

382 1935 496 1977 versus
519 1911 668 1998 directae,
693 1916 727 1977 15
749 1925 840 2000 parte
864 1915 1018 1978 interiore
1049 1913 1170 1978 liberae
1202 1921 1277 1996 (non
1307 1913 1465 1994 55155555).
1500 1914 1530 1976 Α
1553 1913 1650 1978 latere

381 2021 541 2084 exteriore
565 2021 655 2084 visus
679 2020 759 2084 dens
782 2021 837 2086 bic
860 2020 987 2086 modice
1011 2031 1136 2086 tantum
1161 2021 1321 2106 prominet
1338 2031 1368 2084 55
1383 2019 1572 2106 plerumque
1589 2043 1651 2084 una

382 2149 456 2191 cum
480 2127 628 2192 anfractu
646 2127 749 2192 555511
767 2128 909 2192 seeundo
926 2150 1112 2214 processum
1130 2128 1248 2192 format
1266 2125 1496 2213 triangularem
1513 2139 1650 2192 acutum.

382 2234 473 2298 Dens
497 2235 623 2298 medius
654 2236 687 2298 in
712 2233 818 2299 fronte
842 2234 947 2300 dentis
977 2235 1093 2322 postici
1118 2235 1208 2316 situs,
1239 2257 1353 2320 parurn
1377 2235 1418 2298 ab
1442 2255 1480 2298 eo
1505 2245 1652 2316 remotus,

383 2339 531 2404 deorsum
555 2353 586 2405 et
610 2343 771 2406 anteriora
795 2365 909 2406 versus
933 2352 964 2405 55
988 2343 1075 2406 15555
1100 2341 1250 2416 directus,
1274 2343 1398 2426 apiccrn
1415 2363 1531 2406 versus
1548 2339 1652 2426 paullo

383 2445 511 2532 oblique
534 2469 746 2533 compressus,
778 2449 928 2512 5555515
953 2448 1189 2533 longitudinem
1221 2447 1358 2534 51155555
1390 2448 1423 2510 15
1448 2447 1549 2512 155555
1572 2449 1652 2512 inte·

382 2555 479 2634 riore3
503 2576 522 2616 5
545 2553 643 2618 155555
667 2557 825 2619 exteriore
850 2555 939 2619 visus
965 2554 1113 2640 sescuplo
1137 2555 1267 2619 circiter
1289 2552 1416 2640 longior
1439 2577 1535 2640 quarn
1552 2554 1653 2638 latior,

382 2659 553 2724 latitudine
576 2661 711 2747 aequali,
734 2663 826 2748 epioe
850 2661 936 2725 infra
959 2662 1139 2747 rotundato,
1163 2683 1261 2747 supra
1283 2660 1481 2746 rectangnla
1505 2660 1652 2724 deorsum

382 2765 491 2853 paullo
514 2769 622 2832 minus
645 2791 741 2854 quam
766 2768 844 2831 dens
868 2770 1010 2853 poeticus
1034 2770 1228 2855 prominens.
1263 2768 1354 2833 Dens
1377 2769 1505 2832 anticus
1532 2769 1652 2852 (embo-

382 2872 434 2937 lus
444 2873 471 2956 l)
503 2875 664 2939 anteriora
687 2897 802 2939 versus
834 2875 975 2940 etseras
1008 2889 1039 2939 et
1062 2875 1171 2962 paullo
1199 2875 1345 2938 deorsum
1378 2874 1531 2959 directus,
1561 2875 1652 2960 latus,

382 2981 507 3066 apicem
532 3003 646 3045 versus
670 2981 917 3068 inaequabiliter
940 2993 1140 3068 angustatus,
1165 2981 1275 3046 subter
1290 3003 1441 3066 magnam
1459 2993 1581 3068 partem
1598 3004 1651 3046 ex-

383 3097 526 3171 cavatus,
551 3111 570 3151 a
592 3101 683 3173 parte
712 3088 863 3152 inferiore
895 3090 1046 3152 interiore
1079 3088 1169 3152 51555
1201 3089 1266 3174 (fig.
1290 3091 1344 3168 64)
1375 3111 1438 3152 non
1471 3087 1583 3173 procul
1613 3089 1652 3152 ab

383 3195 475 3280 apice
499 3194 609 3259 subter
632 3194 795 3258 denticulo
818 3195 939 3260 reflexo
964 3194 1027 3260 lato
1051 3207 1154 3278 acuto,
1178 3217 1241 3259 non
1266 3195 1330 3258 alto
1353 3206 1485 3259 ornatus
1500 3209 1532 3260 et
1548 3194 1652 3282 555115

383 3303 487 3387 primo
511 3323 648 3386 sursum,
681 3312 749 3366 tum
782 3302 932 3366 deorsum
965 3315 1119 3366 curvatus
1151 3313 1182 3366 et
1211 3302 1422 3389 aequabiliter
1457 3313 1651 3387 angustatus,

384 3410 530 3493 margine
554 3407 670 3493 5515511
695 3409 801 3473 555155
826 3409 896 3472 5155
919 3409 1085 3496 superiore
1108 3411 1268 3496 155555-
1286 3422 1374 3474 certo
1399 3409 1462 3474 situ
1486 3409 1651 3474 saltem-

385 3515 511 3580 modice
535 3538 689 3580 convexo.
725 3516 764 3579 In
788 3515 953 3579 denticulo
977 3529 1224 3581 commemorato
1247 3517 1374 3580 initium
1399 3519 1486 3602 capit
1508 3515 1651 3581 carinula

385 3643 501 3686 cornea
523 3621 663 3704 humilis,
688 3634 773 3686 retro
789 3633 821 3687 ct
837 3622 945 3708 paullo
969 3624 1056 3686 intus
1074 3623 1206 3707 directa,
1229 3623 1366 3708 margini
1389 3622 1568 3708 particulae
1591 3635 1652 3688 ter·

385 3728 514 3792 minatis
539 3750 673 3793 corneae
697 3730 842 3793 interiori
867 3730 974 3816 itaque
999 3729 1066 3794 fere
1082 3729 1243 3816 parallelo,
1267 3751 1348 3815 5555
1364 3730 1405 3795 55
1421 3752 1458 3794 55
1475 3729 1651 3812 discedens,

384 3837 471 3898 intus
495 3847 631 3900 curvata
654 3847 685 3899 55
708 3858 913 3900 evanescens.

492 3943 580 4006 Inter
604 3944 775 4028 Erigonam
799 3946 1010 4007 terrairnarraro
1033 3956 1064 4006 et
1086 3943 1124 4006 Ε.
1149 3944 1319 4008 tiroleasem
1343 3943 1376 4005 in
1400 3941 1500 4008 bulbo
1522 3941 1651 4027 genitali

385 4048 506 4113 nullam
539 4049 754 4114 differentiam
786 4050 1018 4114 evidentiorem
1053 4049 1200 4114 invenire
1231 4071 1374 4135 possum3
1409 4049 1489 4114 dens
1512 4051 1649 4136 poeticus

385 4155 479 4219 modo
502 4155 609 4241 paullo
634 4157 792 4220 minoret
817 4158 923 4218 minus
948 4171 1101 4220 curvatus
1125 4167 1173 4220 est
1195 4156 1229 4218 in
1246 4155 1302 4219 illa
1318 4157 1381 4241 (fig.
1394 4160 1447 4241 41,
1461 4159 1523 4242 53).
1548 4157 1651 4236 Quum

385 4275 560 4349 praeterea,
584 4273 619 4326 ut
642 4285 739 4348 55555
755 4262 878 4326 dictura
900 4272 956 4346 est,
979 4285 1150 4349 processus
1173 4261 1301 4326 tibiales
1319 4262 1477 4326 simillimi
1501 4265 1571 4346 sint,
1595 4263 1652 4326 du-

386 4371 479 4434 bitari
503 4369 612 4456 possit.
636 4392 677 4432 an
702 4371 738 4434 Ε.
763 4371 958 4434 tentamentis
981 4371 1110 4455 propria
1126 4371 1168 4434 sit
1184 4371 1316 4456 5555155.
1340 4369 1504 4434 Differunt
1520 4371 1601 4434 inter
1618 4391 1649 4433 55

385 4475 444 4539 bae
469 4475 591 4541 formae
616 4476 776 4562 imprimis
800 4480 935 4540 statura:
961 4479 1060 4561 55555
1085 4476 1118 4540 15
1134 4478 1172 4540 Ε.
1190 4478 1369 4540 5555155555
1391 4474 1650 4563 (cephalotborax

495 4725 512 4788 ¹)
533 4727 604 4774 Dens
624 4727 727 4777 anticus
748 4733 819 4775 certo
839 4727 891 4774 5155
904 4755 933 4762 --
948 4735 976 4776 55
994 4729 1021 4775 in
1041 4727 1083 4792 fig.
1105 4725 1139 4778 51
1158 4733 1291 4776 nostra-
1303 4728 1441 4791 angustior
1459 4727 1563 4776 videtur
1576 4741 1650 4792 qnam

386 4815 496 4873 medius,
517 4816 642 4880 quoniam
661 4831 827 4878 compressus
847 4824 895 4864 est.
