3664 5734
1392 555 1454 619 551

184 765 276 830 modo
300 767 375 830 085
400 787 473 828 mm.
507 765 643 852 longus),
675 777 725 829 sat
758 769 874 852 magna
905 766 936 829 in
963 767 1000 830 Ε.
1025 769 1162 831 tirolcuri
1192 764 1456 851 (cephalothorax

185 874 233 940 1·3
256 895 331 936 mm.
360 872 477 958 longus
508 872 644 958 saltem),
675 887 840 958 praeterea
871 895 949 938 vero
980 874 1063 937 notis
1094 872 1269 956 nonnullis,
1300 895 1383 959 quae
1413 895 1455 938 ex

181 991 271 1066 parte
297 979 411 1044 saltem
435 981 467 1043 in
492 983 614 1044 staturi
638 979 768 1045 diversa
790 979 911 1066 positae
934 981 1041 1064 putari
1072 991 1216 1068 possunt.
1251 979 1396 1046 Similem
1420 981 1454 1045 in

183 1086 314 1150 modum
337 1087 492 1150 differunt
516 1086 626 1151 saltem
653 1089 686 1149 in
711 1087 879 1172 speciebus
903 1087 976 1150 aliis
1001 1085 1149 1171 exempla
1167 1099 1311 1174 parvaet
1328 1109 1454 1172 magna.

182 1193 357 1258 Processus
380 1193 545 1278 patellaris
570 1195 727 1279 damonae
751 1195 947 1258 terruimonus
970 1192 1219 1258 crassitudinem
1236 1193 1337 1279 apicis
1353 1192 1455 1279 partis

182 1300 345 1388 patellaris
377 1299 580 1386 longitudine
603 1323 716 1388 parum
742 1300 845 1383 modo,
868 1301 901 1362 in
927 1302 1068 1386 Erigone
1097 1302 1236 1364 tirolensi
1258 1322 1336 1364 vero
1359 1300 1455 1386 longe

182 1421 325 1494 superat3
348 1407 433 1471 oculi
459 1407 572 1494 postici
597 1406 719 1470 distant
741 1408 826 1471 inter
850 1408 934 1470 sein
951 1406 1009 1470 illa
1034 1409 1146 1493 spatiis
1162 1429 1277 1492 parum
1301 1407 1454 1493 inaequa-

181 1513 275 1598 libus,
299 1516 334 1578 in
356 1513 418 1580 bac
442 1515 539 1578 medii
565 1537 584 1578 a
608 1513 795 1578 lateralibus
820 1513 920 1577 multo
952 1513 1082 1600 longius
1113 1515 1227 1578 remoti
1260 1525 1334 1577 sunt
1358 1537 1455 1600 quam

181 1623 264 1684 inter
292 1643 339 1700 se;
371 1622 510 1708 spatium
543 1619 645 1685 oculis
677 1622 793 1685 anticis
825 1620 941 1684 mediis
974 1631 1005 1684 et
1028 1618 1216 1684 lateralibus
1249 1622 1454 1685 interiectum

182 1729 310 1792 circiter
334 1728 527 1792 ‹liametrum
553 1727 732 1792 mediorum
757 1739 873 1814 aequat
897 1729 929 1790 in
955 1729 1096 1814 Eripono
1121 1717 1270 1809 tirolensi,
1296 1726 1386 1791 radio
1402 1749 1455 1792 eo-

182 1856 251 1898 rnm
277 1857 341 1899 non
366 1835 467 1898 multo
491 1835 604 1900 saltem
627 1833 756 1920 longius
772 1849 820 1898 est
837 1836 869 1898 in
888 1837 925 1899 Ε.
945 1837 1133 1899 terruimunu.
1158 1833 1263 1900 Series
1287 1833 1454 1898 oculorum

180 1943 289 2007 antica
311 1943 479 2006 evidenter
503 1942 652 2006 ‹lcorsum
678 1955 813 2007 curvata
836 1952 885 2006 est
908 1943 941 2006 iu
966 1943 1003 2006 Ε.
1021 1945 1167 2022 molensi,
1192 1963 1293 2026 paene
1316 1952 1405 2005 recta
1420 1940 1454 2004 in

180 2049 217 2114 Ε.
241 2052 430 2114 matrimonii.
464 2050 657 2113 Processum
689 2048 834 2113 tibialem
867 2049 1005 2114 similem
1031 2060 1126 2134 atque
1155 2049 1188 2111 in
1213 2048 1251 2112 Ε.
1275 2051 1455 2112 terruimouu

181 2179 243 2222 non
268 2180 341 2222 raro
364 2156 522 2242 praebent
552 2155 700 2241 exempla
733 2179 833 2241 parva
863 2157 1021 2241 Erigonae
1044 2164 1142 2234 atrae
1176 2154 1286 2218 oculos
1310 2156 1373 2220 situ
1398 2177 1455 2218 va-

180 2266 263 2329 riare
287 2277 318 2330 et
342 2267 376 2328 in
401 2264 588 2330 universum
613 2285 650 2328 eo
675 2263 782 2327 minus
807 2263 891 2327 inter
914 2284 948 2326 se
973 2263 1101 2346 distare,
1125 2285 1188 2348 quo
1205 2263 1309 2326 minor
1325 2274 1373 2326 est
1389 2273 1454 2325 sta·

180 2383 251 2436 tura
275 2371 425 2456 exempli,
450 2393 512 2434 non
538 2369 672 2434 dubium
696 2369 774 2434 mihi
799 2369 937 2434 videtur.
962 2371 1135 2454 Erigonam
1159 2372 1370 2434 terruimonum
1393 2369 1454 2432 ita-

179 2503 240 2568 que
264 2478 400 2543 formam
426 2477 566 2544 debilem
591 2491 621 2542 et
645 2489 851 2541 extenuatam
886 2477 1042 2561 Erigonae
1066 2477 1221 2540 tirolensis
1248 2497 1318 2540 esse
1342 2497 1453 2539 cense-

179 2609 256 2671 rem,
280 2588 307 2650 si
333 2609 397 2650 una
421 2607 495 2649 cum
519 2587 557 2649 ert
580 2597 771 2648 occurreret.
796 2585 905 2664 Quum
930 2595 1039 2647 tamen
1055 2584 1213 2670 Erigonae
1227 2582 1287 2648 hae
1304 2583 1452 2666 regiones

179 2705 227 2758 sat
250 2692 347 2778 longe
371 2695 456 2756 inter
479 2715 512 2755 se
535 2703 674 2756 remotas
705 2690 847 2756 incolere
879 2690 1060 2773 videantur,
1090 2713 1149 2776 pro
1181 2691 1287 2776 specie
1314 2688 1452 2776 proprii,

179 2803 336 2888 Idi-iporeae
352 2801 505 2864 tirolensis
520 2799 652 2881 vicaria,
677 2797 826 2862 habenda
838 2797 969 2861 videtur
980 2797 1117 2882 Erigone
1130 2799 1332 2878 tertiimanus,
1348 2795 1452 2882 quoad

179 2908 292 2973 saltem
317 2909 440 2972 formae
464 2906 588 2971 mediae
612 2908 696 2968 inter
719 2927 773 2969 eas
797 2905 1017 2968 inveniantur.

286 3015 409 3080 Bulbus
432 3013 583 3100 genitalis
608 3015 764 3098 Erigonae
783 3012 1022 3096 psyclrrophiloe
1044 3009 1109 3096 (fig.
1127 3011 1178 3094 39,
1195 3011 1246 3094 51,
1270 3009 1324 3087 63)
1349 3007 1453 3072 simil-

178 3123 275 3188 limus
299 3134 347 3187 est
371 3121 470 3186 bulbo
493 3122 650 3207 Erigonae
674 3123 838 3195 tirolensis,⁸
861 3119 940 3183 dens
964 3120 1106 3204 posticus
1130 3117 1163 3180 in
1187 3128 1277 3202 parte
1300 3115 1452 3180 interiore

179 3231 300 3295 maiore
316 3229 405 3312 liber,
428 3228 596 3312 angustior
620 3233 672 3310 (an
690 3225 923 3307 constantch);
947 3224 1026 3289 dens
1051 3223 1175 3288 medius
1192 3223 1325 3308 longior,
1348 3223 1400 3305 ita,
1418 3235 1453 3286 ut

177 3361 197 3402 a
210 3337 312 3402 latere
328 3337 419 3400 visus
437 3333 626 3422 plerumque
643 3333 750 3418 paullo
767 3332 894 3415 longius
908 3332 1059 3396 deorsum
1071 3332 1251 3416 promineat
1262 3351 1357 3415 quam
1372 3327 1452 3392 dens

178 3447 320 3532 poeticus
351 3445 438 3528 (nota
470 3463 533 3505 non
558 3455 718 3522 constans,
752 3439 903 3526 quoniam
936 3438 1015 3502 dens
1047 3437 1174 3501 medius
1204 3435 1277 3523 plus
1302 3437 1452 3500 minusve

177 3553 265 3616 intus
290 3549 432 3614 directus
456 3571 526 3613 esse
549 3553 673 3634 potest).
713 3547 817 3630 Magis
849 3545 956 3609 differt
980 3545 1059 3608 dens
1083 3545 1222 3609 anticus:
1246 3543 1280 3606 in
1304 3544 1451 3628 margine

177 3659 284 3724 antico
308 3669 408 3720 ante
432 3658 556 3742 apicem
590 3655 623 3717 in
648 3652 851 3718 tuberculum
878 3651 1094 3734 rotundatum,
1119 3651 1238 3736 optime
1261 3671 1451 3736 expressum

178 3766 330 3830 dilatatus
346 3775 406 3846 est3
430 3765 499 3826 eius
516 3761 700 3826 denticulus
718 3759 857 3825 reflexus
874 3758 1020 3840 obtusns3
1045 3759 1163 3842 carina
1187 3779 1268 3842 quae
1287 3758 1320 3820 in
1337 3779 1374 3820 eo
1391 3757 1451 3818 ini-

177 3873 258 3938 tium
282 3872 376 3958 capit.
409 3869 510 3933 multo
533 3868 647 3932 melius
671 3891 767 3954 quam
799 3870 831 3930 in
856 3868 998 3951 Erigone
1023 3865 1161 3928 tirolensi
1183 3885 1344 3950 expressa,
1368 3885 1451 3950 pone

177 3982 349 4044 incurvata
371 3989 403 4042 et
426 3999 527 4062 usque
552 3975 590 4040 ad
616 3975 745 4038 dentem
770 3973 928 4060 posticum
953 3971 1199 4036 evidentissima
1221 3969 1285 4054 (fig.
1310 3969 1373 4054 39).

285 4085 360 4150 Alia
383 4085 507 4172 species
530 4083 634 4146 tribus
657 4080 926 4168 praecedentibus
951 4079 1042 4142 bulbi
1066 4076 1218 4163 genitalis
1235 4075 1338 4138 formai
1355 4074 1450 4140 valde

178 4193 294 4269 affinis
318 4191 529 4254 nibilominus
561 4201 668 4252 tamen
699 4189 819 4275 optime
850 4185 1012 4252 distincta
1045 4186 1180 4270 Erigone
1211 4184 1450 4266 emtatopalpua

177 4313 233 4365 est.
264 4299 383 4365 Differt
413 4297 574 4384 imprimis
607 4295 685 4358 dens
709 4297 852 4383 posticus
876 4293 940 4377 [fig.
965 4293 1029 4374 42),
1061 4293 1115 4376 qui
1147 4287 1309 4354 lamellam
1334 4287 1451 4351 format

176 4407 316 4493 longam,
340 4404 508 4492 aliquoties
533 4404 709 4488 longiorem
727 4424 822 4487 quam
840 4400 996 4484 altiorem,
1020 4399 1088 4462 fere
1104 4409 1288 4461 transverse
1304 4395 1450 4482 positam,

177 4514 245 4578 fere
274 4514 425 4578 deorsum
457 4511 622 4592 directam,
655 4510 785 4572 circiter
809 4509 848 4590 ²s3
881 4505 1065 4570 latitudinis
1097 4503 1188 4568 bulbi
1219 4502 1259 4566 ab
1290 4503 1355 4564 imo
1387 4501 1450 4566 visi

177 4632 396 4707 occupantem.
419 4619 512 4683 Dens
536 4616 662 4680 medius
685 4615 794 4704 paullo
822 4613 948 4698 longior
972 4625 1003 4677 et
1025 4609 1135 4699 paullo
1159 4611 1261 4695 magis
1285 4620 1450 4673 transver-

178 4751 231 4792 sus
256 4749 353 4814 quam
368 4726 402 4788 in
420 4727 561 4809 Erigone
585 4725 731 4788 tirolcnri.
757 4723 847 4786 Dens
864 4721 990 4784 anticus
1008 4716 1123 4782 similis
1148 4729 1243 4803 atque
1260 4717 1293 4780 in
1311 4717 1450 4802 Erigone

172 4833 396 4920 psychroplrila
420 4843 450 4896 et
475 4833 585 4896 carina
610 4829 708 4894 simili
733 4838 873 4892 ornatus.
