3658 5736
1389 485 1461 550 599
1540 535 1542 542 .

281 697 509 765 Semicellulae
533 701 698 764 avertice
722 699 812 764 visne
836 721 855 762 a
885 697 1188 782 hagenheimio
1213 697 1250 760 in'
1270 719 1366 783 opere
1390 699 1461 761 cius

177 805 309 891 „Ueber
342 804 593 872 Desmidiacecn
625 828 684 870 aus
715 805 883 890 Bengaleu
909 805 1004 870 nebat
1027 803 1278 890 Bemcrkungen
1305 805 1385 870 uber
1408 803 1461 870 die

174 911 431 998 geographische
454 913 678 997 Verbreitung
701 911 760 976 der
778 912 1031 978 Desmidiacecn
1055 913 1089 974 in
1113 911 1245 994 Asien“,
1270 910 1460 976 Stoclrholin

177 1020 271 1084 1888.
295 1019 374 1084 Tab.
399 1019 425 1104 Ι,
447 1019 501 1104 lig.
526 1024 555 1084 4.
579 1017 761 1084 delineatae
784 1041 858 1084 cum
890 1018 1123 1106 speciminibus
1154 1017 1275 1106 typicis
1298 1017 1461 1082 identicae

174 1147 246 1190 esse
269 1125 436 1207 videntur3
460 1125 679 1192 semicellulae
703 1125 837 1192 elatere
853 1126 944 1192 visae
961 1125 1030 1191 fere
1045 1123 1200 1210 globosae
1216 1135 1300 1208 sunt
1324 1127 1358 1188 in
1374 1147 1460 1188 mar-

173 1234 250 1318 gine
266 1233 382 1317 apicali
400 1232 545 1320 paullulo
561 1232 762 1320 deplanatac,
786 1234 936 1319 utrinque
960 1233 1108 1298 verrucis
1131 1232 1233 1296 firmis
1257 1229 1461 1318 hemisphae-

173 1341 253 1404 ricis
276 1351 417 1404 ornatae.

281 1447 472 1512 Membrana
504 1459 630 1534 praeter
661 1447 800 1532 granula
831 1469 931 1534 supra
955 1461 1205 1512 couinremorata
1232 1450 1271 1512 14
1290 1457 1323 1524 -Ι-
1341 1448 1361 1512 5
1380 1457 1412 1523 ÷
1430 1449 1459 1530 3,

173 1552 367 1618 scrobiculis
390 1555 502 1640 parvis
533 1576 689 1620 verrucas
714 1557 734 1618 i)
759 1554 925 1620 medianas
957 1553 1236 1618 circumdantibus
1267 1564 1299 1618 et
1329 1555 1460 1640 punctis

173 1658 350 1724 subtilibus
373 1672 473 1724 totam
497 1661 702 1746 superficiem
725 1660 863 1726 cellulae
888 1662 1073 1745 tegentibus
1097 1660 1242 1746 praedita
1265 1673 1323 1726 est.

280 1767 415 1832 Praeter
439 1767 559 1832 formas
582 1789 687 1854 nuper
710 1766 891 1853 descriptas
923 1781 955 1832 et
979 1768 1012 1831 in
1036 1769 1142 1852 ligura
1166 1777 1277 1832 nostra
1301 1771 1353 1834 49.
1377 1767 1460 1832 deli-

172 1885 295 1956 neatae,
318 1897 399 1960 quas
423 1879 593 1962 typicas
615 1875 635 1938 i.
653 1899 678 1938 e.
703 1898 777 1938 cuni
802 1875 916 1938 formis
932 1898 952 1938 a
974 1874 1123 1940 loshua
1146 1874 1319 1962 descriptis
1342 1875 1461 1939 identi-

174 2001 231 2044 cas
255 2003 326 2046 esse
349 1993 435 2068 puto,
469 1983 641 2046 observavi
673 1983 770 2046 etiam
795 1982 916 2046 senuas
942 1981 1035 2048 duas:
1064 1981 1199 2046 alteram
1217 1983 1458 2068 -marginem

174 2086 337 2154 dorsalcm
362 2088 477 2154 leniter
501 2101 678 2173 crenatum,
712 2091 753 2154 14
777 2111 932 2154 verrucas
957 2088 1044 2154 infra
1067 2091 1250 2174 marginem
1274 2089 1379 2174 magis
1402 2088 1459 2152 he-

174 2194 410 2281 misphaericas
442 2200 519 2278 (non
550 2196 804 2279 rectangulatas)
839 2207 871 2260 et
901 2209 1051 2261 centrum
1082 2197 1228 2261 verrucis
1261 2199 1281 2262 6
1311 2197 1347 2260 in
1375 2196 1458 2260 duas

174 2301 413 2366 transversales
438 2315 469 2368 et
484 2314 550 2368 tres
566 2302 740 2368 verticales
764 2304 864 2368 series
880 2303 1039 2368 ordinatis
1063 2315 1212 2380 ornatum
1237 2305 1455 2390 praebentem.

174 2407 268 2488 Quae
285 2409 390 2474 ferma
405 2432 560 2474 verrucas
576 2421 641 2474 tres
665 2411 698 2475 in
724 2411 806 2474 serie
830 2411 995 2496 supteriore
1019 2411 1107 2489 sitas,
1130 2410 1323 2476 scrobiculis
1346 2411 1458 2497 parvis

175 2515 404 2601 circumdatus,
427 2517 652 2582 membranam
676 2529 784 2582 autem
808 2516 1021 2582 subtilissime
1044 2529 1233 2604 punctatum
1262 2517 1366 2582 habet.
1401 2518 1458 2582 Iu·

174 2626 284 2688 cisura
307 2625 460 2689 mediana
484 2625 575 2688 utin
600 2624 705 2688 forma
728 2625 840 2714 typica
863 2635 1000 2710 anguste
1024 2625 1164 2710 linearis
1192 2625 1303 2710 auguli
1328 2624 1456 2690 basales

174 2731 305 2817 oblique
337 2732 438 2796 retusi
470 2743 501 2795 et
523 2731 671 2816 granulis
694 2729 874 2796 humilibus
905 2734 1019 2797 ornati.
1055 2733 1206 2796 Formam
1232 2731 1315 2798 hanc
1351 2730 1457 2817 (Tab.

173 2837 345 2922 XXXIX,
368 2837 422 2920 fig.
448 2837 513 2923 50)
538 2846 695 2904 arcuatam
718 2838 856 2926 appello.
893 2841 1013 2904 Forma
1037 2840 1094 2904 illa
1118 2839 1321 2924 marginibus
1345 2839 1458 2904 dersa-

175 2944 262 3009 libus
293 2957 424 3010 crenato
447 2948 606 3010 truncatis
629 2945 670 3010 ad
695 2969 762 3012 var.
786 2949 925 3012 iudicum
955 2947 1092 3030 Turner,
1124 2948 1151 3010 F
1153 2946 1330 3012 reshwater
1352 2947 1456 3032 Algae

175 3053 213 3116 of
232 3053 312 3117 East
335 3052 439 3130 India,
469 3075 540 3139 pag.
566 3054 617 3116 62.
649 3053 727 3118 Tab.
751 3055 813 3128 IX,
837 3053 889 3138 fig,
917 3057 966 3119 14.
992 3056 1133 3118 maxime
1157 3056 1403 3141 approximatur
1426 3064 1458 3118 et

175 3170 307 3246 propter
329 3182 483 3244 maguam
509 3160 756 3248 propensionem
785 3164 939 3226 Coacturit'
962 3165 1082 3226 currenti
1106 3141 1147 3226 ad
1172 3161 1385 3226 variationem
1408 3161 1457 3227 ef-

176 3268 243 3331 licit
258 3305 302 3314 -
319 3277 355 3330 ut
378 3268 476 3331 etiam
500 3290 569 3331 var.
593 3269 729 3332 iudicum
752 3267 829 3332 huic
854 3269 973 3355 speciei
998 3253 1204 3332 adnumerari
1229 3269 1339 3355 possit.

282 3373 466 3439 Observavi
484 3387 592 3438 autem
616 3374 754 3438 formam
772 3374 908 3440 alteram
932 3374 1035 3458 (Tab.
1052 3375 1221 3460 XXXIX,
1244 3375 1289 3460 fig
1316 3375 1379 3460 51)
1403 3377 1457 3439 oui

176 3502 293 3544 nemen
330 3485 481 3566 „aperta“
507 3481 556 3545 do.
596 3482 716 3546 Forma
746 3481 804 3546 illa
837 3481 935 3546 facile
966 3482 1191 3566 distinguitur:
1227 3484 1457 3548 constrictione

176 3587 327 3652 mediana
351 3589 609 3674 acutangulatim
632 3599 752 3676 aperta,
784 3589 907 3654 idcirco
935 3589 1137 3674 marginibus
1170 3588 1336 3654 besalibus
1361 3591 1457 3654 semi-

176 3693 370 3758 ccllularum
393 3695 548 3760 isthmum
565 3718 680 3761 versus
705 3697 868 3761 cuneatim
885 3696 1144 3776 conniventibus,
1169 3696 1297 3782 angulis
1321 3696 1455 3761 inferio·

176 3801 266 3866 ribus
283 3802 396 3886 acutis,
420 3801 595 3867 verrucula
615 3803 745 3890 singula
768 3803 941 3868 rotundatu
963 3815 1019 3869 aut
1042 3803 1227 3870 verruculis
1245 3803 1330 3868 binis
1343 3843 1387 3850 —
1403 3826 1457 3868 or·

174 3910 269 3975 natis
292 3909 496 3993 marginibus
514 3909 702 3975 lateralibus
719 3911 870 3997 utrinque
891 3912 1039 3975 verrucis
1054 3913 1143 3976 4--5
1166 3913 1258 3998 apice
1274 3910 1456 3976 retundatis

174 4015 305 4100 ornatis,
328 4016 532 4102 marginibus
555 4016 740 4081 dorsalibus
763 4029 871 4082 autem
888 4017 993 4082 nudis.
1019 4017 1245 4084 Semicellulae
1261 4018 1348 4082 infra
1370 4039 1457 4081 mar·

174 4123 268 4206 gines
292 4124 518 4208 prominentiis
541 4124 814 4209 rectangulis
839 4124 1016 4190 maioribus
1045 4126 1181 4208 13-14‚
1204 4127 1238 4188 in
1262 4138 1375 4190 centro
1399 4147 1455 4188 au-

174 4241 239 4294 tem
263 4231 413 4295 verrucis
446 4229 757 4318 hemisphaericis6
789 4233 823 4298 iu
847 4233 947 4296 series
979 4231 1060 4296 duas
1084 4232 1301 4304 horizontales
1325 4242 1455 4318 tresque

174 4337 348 4402 verticales
372 4336 538 4424 dispositis
560 4349 693 4402 ornatae
716 4351 748 4404 et
771 4351 939 4426 praeterea
962 4341 1167 4404 concentrice
1191 4339 1343 4404 distincta
1370 4360 1453 4425 pun-

174 4455 286 4509 ctatae.
312 4444 538 4510 Semiccllulae
562 4469 579 4510 e
603 4446 726 4510 vertice
741 4446 831 4512 visae
848 4468 923 4511 eum
939 4448 1044 4532 figura
1067 4449 1131 4512 4c.
1156 4447 1189 4509 in
1213 4446 1455 4532 Lagerheim‚

174 4551 428 4616 Desmidiacecn
452 4575 511 4617 aus
535 4553 699 4639 Bengaleu
724 4553 793 4618 lere
818 4576 990 4640 congruae,
1018 4554 1182 4628 inmedio
1205 4555 1357 4639 utrinque
1381 4576 1455 4618 vcr-

174 4660 262 4722 rucis
286 4659 307 4722 3
331 4661 460 4743 magnis
483 4661 674 4746 rotundatis,
697 4661 845 4747 apicibus
867 4660 1034 4748 polaribus
1059 4662 1204 4726 verrucis
1228 4659 1456 4726 humilioribus

174 4765 295 4830 ornatis
320 4765 468 4832 diversae
492 4777 576 4830 sunt.
