<?xml version="1.0" encoding="UTF-8"?>
<!DOCTYPE html PUBLIC "-//W3C//DTD XHTML 1.0 Transitional//EN"
    "http://www.w3.org/TR/xhtml1/DTD/xhtml1-transitional.dtd">
<html xmlns="http://www.w3.org/1999/xhtml" xml:lang="en" lang="en">
 <head>
  <title>
</title>
<meta http-equiv="Content-Type" content="text/html;charset=utf-8" />
  <meta name='ocr-system' content='tesseract 3.04.00' />
  <meta name='ocr-capabilities' content='ocr_page ocr_carea ocr_par ocr_line ocrx_word'/>
</head>
<body>
  <div class='ocr_page' id='page_1' title='image "./bulletininterna02przgoog_0678.png"; bbox 0 0 3664 5734; ppageno 0'>
   <div class='ocr_carea' id='block_1_1' title="bbox 1379 518 1442 584">
    <p class='ocr_par' dir='ltr' id='par_1_1' title="bbox 1379 518 1442 584">
     <span class='ocr_line' id='line_1_1' title="bbox 1379 518 1442 584; baseline -0.032 0"><span class='ocrx_word' id='word_1_1' title='bbox 1379 518 1442 584; x_wconf 82' lang='lat' dir='ltr'>bbl</span> 
     </span>
    </p>
   </div>
   <div class='ocr_carea' id='block_1_2' title="bbox 161 721 1443 4880">
    <p class='ocr_par' dir='ltr' id='par_1_2' title="bbox 165 721 1443 2515">
     <span class='ocr_line' id='line_1_2' title="bbox 167 721 1443 816; baseline 0.003 -28"><span class='ocrx_word' id='word_1_2' title='bbox 167 721 266 810; x_wconf 83' lang='lat' dir='ltr'>palpi,</span> <span class='ocrx_word' id='word_1_3' title='bbox 287 723 521 809; x_wconf 74' lang='lat' dir='ltr'>psychroplrilo,</span> <span class='ocrx_word' id='word_1_4' title='bbox 546 723 694 806; x_wconf 73' lang='lat' dir='ltr'>aretensi,</span> <span class='ocrx_word' id='word_1_5' title='bbox 717 733 834 791; x_wconf 87' lang='lat' dir='ltr'>remoto</span> <span class='ocrx_word' id='word_1_6' title='bbox 857 729 933 791; x_wconf 70' lang='lat' dir='ltr'>areis</span> <span class='ocrx_word' id='word_1_7' title='bbox 956 727 1116 816; x_wconf 85' lang='lat' dir='ltr'>epigynae</span> <span class='ocrx_word' id='word_1_8' title='bbox 1140 733 1257 792; x_wconf 76' lang='lat' dir='ltr'>cornea</span> <span class='ocrx_word' id='word_1_9' title='bbox 1289 729 1388 794; x_wconf 91' lang='lat' dir='ltr'>sulcis</span> <span class='ocrx_word' id='word_1_10' title='bbox 1412 741 1443 794; x_wconf 89' lang='lat' dir='ltr'>et</span> 
     </span>
     <span class='ocr_line' id='line_1_3' title="bbox 171 830 1442 924; baseline 0.005 -30"><span class='ocrx_word' id='word_1_11' title='bbox 171 830 274 896; x_wconf 84' lang='lat' dir='ltr'>foveis</span> <span class='ocrx_word' id='word_1_12' title='bbox 297 831 553 896; x_wconf 81' lang='lat' dir='ltr'>evidentioribus</span> <span class='ocrx_word' id='word_1_13' title='bbox 578 833 709 897; x_wconf 89' lang='lat' dir='ltr'>carenti.</span> <span class='ocrx_word' id='word_1_14' title='bbox 737 831 924 898; x_wconf 81' lang='lat' dir='ltr'><strong>Notandum</strong></span> <span class='ocrx_word' id='word_1_15' title='bbox 955 843 1063 898; x_wconf 86' lang='lat' dir='ltr'>tamen</span> <span class='ocrx_word' id='word_1_16' title='bbox 1095 846 1153 918; x_wconf 87' lang='lat' dir='ltr'>est,</span> <span class='ocrx_word' id='word_1_17' title='bbox 1182 836 1363 920; x_wconf 80' lang='lat' dir='ltr'>marginem</span> <span class='ocrx_word' id='word_1_18' title='bbox 1387 857 1442 924; x_wconf 94' lang='lat' dir='ltr'>po-</span> 
     </span>
     <span class='ocr_line' id='line_1_4' title="bbox 170 937 1442 1028; baseline 0.003 -26"><span class='ocrx_word' id='word_1_19' title='bbox 170 939 286 1003; x_wconf 88' lang='lat' dir='ltr'>sticum</span> <span class='ocrx_word' id='word_1_20' title='bbox 310 940 471 1026; x_wconf 82' lang='lat' dir='ltr'>epigynae</span> <span class='ocrx_word' id='word_1_21' title='bbox 494 937 528 1002; x_wconf 90' lang='lat' dir='ltr'>in</span> <span class='ocrx_word' id='word_1_22' title='bbox 559 941 700 1024; x_wconf 80' lang='lat' dir='ltr'>Eripona</span> <span class='ocrx_word' id='word_1_23' title='bbox 731 939 906 1024; x_wconf 78' lang='lat' dir='ltr'>derrtipclpi</span> <span class='ocrx_word' id='word_1_24' title='bbox 938 963 1169 1028; x_wconf 89' lang='lat' dir='ltr'>nonnunquam</span> <span class='ocrx_word' id='word_1_25' title='bbox 1202 943 1295 1006; x_wconf 89' lang='lat' dir='ltr'>solito</span> <span class='ocrx_word' id='word_1_26' title='bbox 1326 941 1442 1008; x_wconf 82' lang='lat' dir='ltr'>lortius</span> 
     </span>
     <span class='ocr_line' id='line_1_5' title="bbox 170 1045 1443 1136; baseline 0.005 -28"><span class='ocrx_word' id='word_1_27' title='bbox 170 1045 331 1110; x_wconf 86' lang='lat' dir='ltr'>deflexum</span> <span class='ocrx_word' id='word_1_28' title='bbox 344 1055 494 1110; x_wconf 81' lang='lat' dir='ltr'>etarearn</span> <span class='ocrx_word' id='word_1_29' title='bbox 520 1047 682 1134; x_wconf 81' lang='lat' dir='ltr'>epigynae</span> <span class='ocrx_word' id='word_1_30' title='bbox 706 1057 780 1112; x_wconf 91' lang='lat' dir='ltr'>ante</span> <span class='ocrx_word' id='word_1_31' title='bbox 805 1069 879 1111; x_wconf 91' lang='lat' dir='ltr'>eum</span> <span class='ocrx_word' id='word_1_32' title='bbox 904 1060 953 1112; x_wconf 89' lang='lat' dir='ltr'>sat</span> <span class='ocrx_word' id='word_1_33' title='bbox 975 1047 1137 1135; x_wconf 90' lang='lat' dir='ltr'>profunde</span> <span class='ocrx_word' id='word_1_34' title='bbox 1160 1050 1350 1136; x_wconf 82' lang='lat' dir='ltr'>impressam</span> <span class='ocrx_word' id='word_1_35' title='bbox 1372 1071 1443 1114; x_wconf 85' lang='lat' dir='ltr'>esse</span> 
     </span>
     <span class='ocr_line' id='line_1_6' title="bbox 170 1153 1441 1244; baseline 0.006 -29"><span class='ocrx_word' id='word_1_36' title='bbox 170 1153 222 1234; x_wconf 81' lang='lat' dir='ltr'>ita,</span> <span class='ocrx_word' id='word_1_37' title='bbox 248 1167 282 1216; x_wconf 84' lang='lat' dir='ltr'>ut</span> <span class='ocrx_word' id='word_1_38' title='bbox 307 1153 448 1242; x_wconf 84' lang='lat' dir='ltr'>epigyne</span> <span class='ocrx_word' id='word_1_39' title='bbox 472 1154 609 1217; x_wconf 88' lang='lat' dir='ltr'>strictim</span> <span class='ocrx_word' id='word_1_40' title='bbox 634 1153 788 1242; x_wconf 75' lang='lat' dir='ltr'>adspecta</span> <span class='ocrx_word' id='word_1_41' title='bbox 811 1177 926 1242; x_wconf 88' lang='lat' dir='ltr'>parum</span> <span class='ocrx_word' id='word_1_42' title='bbox 950 1156 991 1220; x_wconf 88' lang='lat' dir='ltr'>ab</span> <span class='ocrx_word' id='word_1_43' title='bbox 1015 1157 1157 1242; x_wconf 77' lang='lat' dir='ltr'>epigynia</span> <span class='ocrx_word' id='word_1_44' title='bbox 1184 1179 1234 1221; x_wconf 85' lang='lat' dir='ltr'>ex.</span> <span class='ocrx_word' id='word_1_45' title='bbox 1257 1179 1304 1242; x_wconf 84' lang='lat' dir='ltr'>gr.</span> <span class='ocrx_word' id='word_1_46' title='bbox 1328 1158 1441 1244; x_wconf 68' lang='lat' dir='ltr'>Eripe-</span> 
     </span>
     <span class='ocr_line' id='line_1_7' title="bbox 168 1259 1441 1352; baseline 0.007 -30"><span class='ocrx_word' id='word_1_47' title='bbox 168 1281 225 1324; x_wconf 83' lang='lat' dir='ltr'>nue</span> <span class='ocrx_word' id='word_1_48' title='bbox 250 1259 404 1324; x_wconf 77' lang='lat' dir='ltr'>tirolensis</span> <span class='ocrx_word' id='word_1_49' title='bbox 427 1260 564 1325; x_wconf 86' lang='lat' dir='ltr'>differat.</span> <span class='ocrx_word' id='word_1_50' title='bbox 588 1261 717 1342; x_wconf 76' lang='lat' dir='ltr'>Quibus</span> <span class='ocrx_word' id='word_1_51' title='bbox 740 1261 837 1326; x_wconf 93' lang='lat' dir='ltr'>rebus</span> <span class='ocrx_word' id='word_1_52' title='bbox 861 1261 1014 1326; x_wconf 84' lang='lat' dir='ltr'>differant</span> <span class='ocrx_word' id='word_1_53' title='bbox 1036 1263 1122 1326; x_wconf 88' lang='lat' dir='ltr'>iuter</span> <span class='ocrx_word' id='word_1_54' title='bbox 1138 1285 1172 1328; x_wconf 90' lang='lat' dir='ltr'>se</span> <span class='ocrx_word' id='word_1_55' title='bbox 1188 1265 1349 1352; x_wconf 80' lang='lat' dir='ltr'>epigynae</span> <span class='ocrx_word' id='word_1_56' title='bbox 1366 1265 1441 1330; x_wconf 65' lang='lat' dir='ltr'>iii</span> 
     </span>
     <span class='ocr_line' id='line_1_8' title="bbox 166 1366 1441 1458; baseline 0.003 -28"><span class='ocrx_word' id='word_1_57' title='bbox 166 1388 264 1452; x_wconf 77' lang='lat' dir='ltr'>ponae</span> <span class='ocrx_word' id='word_1_58' title='bbox 286 1379 374 1432; x_wconf 82' lang='lat' dir='ltr'>atrae</span> <span class='ocrx_word' id='word_1_59' title='bbox 397 1379 429 1430; x_wconf 90' lang='lat' dir='ltr'>et</span> <span class='ocrx_word' id='word_1_60' title='bbox 452 1367 489 1432; x_wconf 84' lang='lat' dir='ltr'>E.</span> <span class='ocrx_word' id='word_1_61' title='bbox 513 1366 711 1452; x_wconf 80' lang='lat' dir='ltr'>deritipolpis‚</span> <span class='ocrx_word' id='word_1_62' title='bbox 737 1369 814 1432; x_wconf 88' lang='lat' dir='ltr'>satis</span> <span class='ocrx_word' id='word_1_63' title='bbox 843 1379 954 1432; x_wconf 90' lang='lat' dir='ltr'>notum</span> <span class='ocrx_word' id='word_1_64' title='bbox 987 1368 1123 1434; x_wconf 86' lang='lat' dir='ltr'>videtur.</span> <span class='ocrx_word' id='word_1_65' title='bbox 1159 1373 1188 1434; x_wconf 89' lang='lat' dir='ltr'>A</span> <span class='ocrx_word' id='word_1_66' title='bbox 1212 1370 1346 1457; x_wconf 88' lang='lat' dir='ltr'>reliquis</span> <span class='ocrx_word' id='word_1_67' title='bbox 1370 1393 1441 1458; x_wconf 86' lang='lat' dir='ltr'>spe-</span> 
     </span>
     <span class='ocr_line' id='line_1_9' title="bbox 169 1473 1440 1562; baseline 0.004 -24"><span class='ocrx_word' id='word_1_68' title='bbox 169 1474 280 1538; x_wconf 85' lang='lat' dir='ltr'>ciebus</span> <span class='ocrx_word' id='word_1_69' title='bbox 305 1473 395 1538; x_wconf 85' lang='lat' dir='ltr'>sulco</span> <span class='ocrx_word' id='word_1_70' title='bbox 419 1475 451 1537; x_wconf 92' lang='lat' dir='ltr'>in</span> <span class='ocrx_word' id='word_1_71' title='bbox 476 1475 619 1562; x_wconf 73' lang='lat' dir='ltr'>epigyna</span> <span class='ocrx_word' id='word_1_72' title='bbox 640 1477 762 1539; x_wconf 88' lang='lat' dir='ltr'>ornatis</span> <span class='ocrx_word' id='word_1_73' title='bbox 796 1477 933 1562; x_wconf 74' lang='lat' dir='ltr'>Eripere</span> <span class='ocrx_word' id='word_1_74' title='bbox 958 1475 1184 1562; x_wconf 76' lang='lat' dir='ltr'>psychropln&#39;lo</span> <span class='ocrx_word' id='word_1_75' title='bbox 1213 1476 1368 1543; x_wconf 88' lang='lat' dir='ltr'>distincta</span> <span class='ocrx_word' id='word_1_76' title='bbox 1393 1479 1440 1542; x_wconf 90' lang='lat' dir='ltr'>vi-</span> 
     </span>
     <span class='ocr_line' id='line_1_10' title="bbox 169 1579 1441 1670; baseline 0.002 -26"><span class='ocrx_word' id='word_1_77' title='bbox 169 1579 264 1644; x_wconf 90' lang='lat' dir='ltr'>detur</span> <span class='ocrx_word' id='word_1_78' title='bbox 288 1579 378 1644; x_wconf 89' lang='lat' dir='ltr'>sulco</span> <span class='ocrx_word' id='word_1_79' title='bbox 402 1581 639 1666; x_wconf 85' lang='lat' dir='ltr'>angustissimo,</span> <span class='ocrx_word' id='word_1_80' title='bbox 663 1603 777 1668; x_wconf 87' lang='lat' dir='ltr'>parum</span> <span class='ocrx_word' id='word_1_81' title='bbox 794 1604 814 1646; x_wconf 88' lang='lat' dir='ltr'>a</span> <span class='ocrx_word' id='word_1_82' title='bbox 829 1584 977 1667; x_wconf 79' lang='lat' dir='ltr'>margine</span> <span class='ocrx_word' id='word_1_83' title='bbox 999 1585 1122 1670; x_wconf 88' lang='lat' dir='ltr'>postico</span> <span class='ocrx_word' id='word_1_84' title='bbox 1138 1593 1269 1667; x_wconf 82' lang='lat' dir='ltr'>remote,</span> <span class='ocrx_word' id='word_1_85' title='bbox 1293 1584 1321 1648; x_wconf 92' lang='lat' dir='ltr'>ei</span> <span class='ocrx_word' id='word_1_86' title='bbox 1338 1605 1441 1670; x_wconf 88' lang='lat' dir='ltr'>paene</span> 
     </span>
     <span class='ocr_line' id='line_1_11' title="bbox 169 1685 1441 1776; baseline 0.003 -26"><span class='ocrx_word' id='word_1_87' title='bbox 169 1685 333 1773; x_wconf 80' lang='lat' dir='ltr'>paralisis,</span> <span class='ocrx_word' id='word_1_88' title='bbox 356 1709 531 1774; x_wconf 79' lang='lat' dir='ltr'>procurvo3</span> <span class='ocrx_word' id='word_1_89' title='bbox 554 1711 666 1772; x_wconf 85' lang='lat' dir='ltr'>margo</span> <span class='ocrx_word' id='word_1_90' title='bbox 691 1688 781 1752; x_wconf 86' lang='lat' dir='ltr'>sulco</span> <span class='ocrx_word' id='word_1_91' title='bbox 805 1689 963 1772; x_wconf 70' lang='lat' dir='ltr'>desectus,</span> <span class='ocrx_word' id='word_1_92' title='bbox 987 1701 1154 1776; x_wconf 77' lang='lat' dir='ltr'>angustus,</span> <span class='ocrx_word' id='word_1_93' title='bbox 1177 1691 1210 1754; x_wconf 89' lang='lat' dir='ltr'>in</span> <span class='ocrx_word' id='word_1_94' title='bbox 1228 1689 1334 1754; x_wconf 76' lang='lat' dir='ltr'>media</span> <span class='ocrx_word' id='word_1_95' title='bbox 1350 1701 1441 1774; x_wconf 88' lang='lat' dir='ltr'>parte</span> 
     </span>
     <span class='ocr_line' id='line_1_12' title="bbox 170 1793 1443 1882; baseline 0.002 -24"><span class='ocrx_word' id='word_1_96' title='bbox 170 1793 278 1880; x_wconf 85' lang='lat' dir='ltr'>paullo</span> <span class='ocrx_word' id='word_1_97' title='bbox 301 1793 446 1860; x_wconf 88' lang='lat' dir='ltr'>elevatus</span> <span class='ocrx_word' id='word_1_98' title='bbox 470 1809 518 1860; x_wconf 86' lang='lat' dir='ltr'>est</span> <span class='ocrx_word' id='word_1_99' title='bbox 541 1795 681 1882; x_wconf 72' lang='lat' dir='ltr'>quidem</span> <span class='ocrx_word' id='word_1_100' title='bbox 706 1795 763 1860; x_wconf 92' lang='lat' dir='ltr'>sed</span> <span class='ocrx_word' id='word_1_101' title='bbox 787 1796 991 1860; x_wconf 88' lang='lat' dir='ltr'>tuberculum</span> <span class='ocrx_word' id='word_1_102' title='bbox 1008 1796 1091 1861; x_wconf 88' lang='lat' dir='ltr'>bene</span> <span class='ocrx_word' id='word_1_103' title='bbox 1107 1795 1277 1862; x_wconf 87' lang='lat' dir='ltr'>definitum</span> <span class='ocrx_word' id='word_1_104' title='bbox 1294 1817 1359 1860; x_wconf 90' lang='lat' dir='ltr'>uon</span> <span class='ocrx_word' id='word_1_105' title='bbox 1375 1795 1443 1860; x_wconf 84' lang='lat' dir='ltr'>for-</span> 
     </span>
     <span class='ocr_line' id='line_1_13' title="bbox 167 1901 1440 1990; baseline 0.003 -26"><span class='ocrx_word' id='word_1_106' title='bbox 167 1913 242 1966; x_wconf 90' lang='lat' dir='ltr'>mat.</span> <span class='ocrx_word' id='word_1_107' title='bbox 266 1901 453 1966; x_wconf 80' lang='lat' dir='ltr'>Notandum</span> <span class='ocrx_word' id='word_1_108' title='bbox 476 1913 525 1968; x_wconf 90' lang='lat' dir='ltr'>est</span> <span class='ocrx_word' id='word_1_109' title='bbox 555 1914 672 1986; x_wconf 74' lang='lat' dir='ltr'>tamen,</span> <span class='ocrx_word' id='word_1_110' title='bbox 703 1902 853 1988; x_wconf 87' lang='lat' dir='ltr'>exempla</span> <span class='ocrx_word' id='word_1_111' title='bbox 884 1902 981 1966; x_wconf 91' lang='lat' dir='ltr'>huius</span> <span class='ocrx_word' id='word_1_112' title='bbox 1014 1904 1133 1988; x_wconf 88' lang='lat' dir='ltr'>speciei</span> <span class='ocrx_word' id='word_1_113' title='bbox 1164 1925 1335 1990; x_wconf 73' lang='lat' dir='ltr'>perpauca,</span> <span class='ocrx_word' id='word_1_114' title='bbox 1359 1925 1440 1989; x_wconf 87' lang='lat' dir='ltr'>quac</span> 
     </span>
     <span class='ocr_line' id='line_1_14' title="bbox 167 2007 1441 2096; baseline 0 -24"><span class='ocrx_word' id='word_1_115' title='bbox 167 2008 244 2074; x_wconf 91' lang='lat' dir='ltr'>vidi.</span> <span class='ocrx_word' id='word_1_116' title='bbox 268 2031 372 2096; x_wconf 86' lang='lat' dir='ltr'>nuper</span> <span class='ocrx_word' id='word_1_117' title='bbox 395 2032 465 2074; x_wconf 82' lang='lat' dir='ltr'>esse</span> <span class='ocrx_word' id='word_1_118' title='bbox 489 2007 609 2089; x_wconf 76' lang='lat' dir='ltr'>adulta,</span> <span class='ocrx_word' id='word_1_119' title='bbox 633 2010 666 2073; x_wconf 90' lang='lat' dir='ltr'>ui</span> <span class='ocrx_word' id='word_1_120' title='bbox 691 2009 798 2090; x_wconf 82' lang='lat' dir='ltr'>fallor3</span> <span class='ocrx_word' id='word_1_121' title='bbox 833 2010 969 2075; x_wconf 79' lang='lat' dir='ltr'>ibrtasse</span> <span class='ocrx_word' id='word_1_122' title='bbox 1001 2009 1225 2096; x_wconf 77' lang='lat' dir='ltr'>progrediente</span> <span class='ocrx_word' id='word_1_123' title='bbox 1248 2019 1351 2074; x_wconf 83' lang='lat' dir='ltr'>aetate</span> <span class='ocrx_word' id='word_1_124' title='bbox 1375 2009 1441 2074; x_wconf 89' lang='lat' dir='ltr'>sul·</span> 
     </span>
     <span class='ocr_line' id='line_1_15' title="bbox 169 2115 1441 2204; baseline 0 -24"><span class='ocrx_word' id='word_1_125' title='bbox 169 2137 225 2180; x_wconf 91' lang='lat' dir='ltr'>cus</span> <span class='ocrx_word' id='word_1_126' title='bbox 249 2115 345 2180; x_wconf 88' lang='lat' dir='ltr'>latior</span> <span class='ocrx_word' id='word_1_127' title='bbox 368 2116 403 2180; x_wconf 83' lang='lat' dir='ltr'>fit</span> <span class='ocrx_word' id='word_1_128' title='bbox 426 2117 612 2204; x_wconf 81' lang='lat' dir='ltr'>stepigyna</span> <span class='ocrx_word' id='word_1_129' title='bbox 635 2139 751 2204; x_wconf 87' lang='lat' dir='ltr'>parum</span> <span class='ocrx_word' id='word_1_130' title='bbox 775 2129 829 2182; x_wconf 88' lang='lat' dir='ltr'>aut</span> <span class='ocrx_word' id='word_1_131' title='bbox 853 2139 916 2180; x_wconf 91' lang='lat' dir='ltr'>non</span> <span class='ocrx_word' id='word_1_132' title='bbox 941 2117 1049 2182; x_wconf 87' lang='lat' dir='ltr'>differt</span> <span class='ocrx_word' id='word_1_133' title='bbox 1065 2119 1105 2182; x_wconf 88' lang='lat' dir='ltr'>ab</span> <span class='ocrx_word' id='word_1_134' title='bbox 1118 2118 1261 2204; x_wconf 72' lang='lat' dir='ltr'>epigynd</span> <span class='ocrx_word' id='word_1_135' title='bbox 1284 2117 1441 2202; x_wconf 75' lang='lat' dir='ltr'>Eripnnce</span> 
     </span>
     <span class='ocr_line' id='line_1_16' title="bbox 168 2221 1439 2312; baseline 0.002 -26"><span class='ocrx_word' id='word_1_136' title='bbox 168 2221 321 2287; x_wconf 79' lang='lat' dir='ltr'>tirolensis</span> <span class='ocrx_word' id='word_1_137' title='bbox 344 2223 442 2310; x_wconf 91' lang='lat' dir='ltr'>(quod</span> <span class='ocrx_word' id='word_1_138' title='bbox 465 2223 597 2309; x_wconf 87' lang='lat' dir='ltr'>quidem</span> <span class='ocrx_word' id='word_1_139' title='bbox 622 2223 788 2309; x_wconf 87' lang='lat' dir='ltr'>probabile</span> <span class='ocrx_word' id='word_1_140' title='bbox 812 2224 949 2303; x_wconf 78' lang='lat' dir='ltr'>videtur,</span> <span class='ocrx_word' id='word_1_141' title='bbox 974 2223 1059 2312; x_wconf 92' lang='lat' dir='ltr'>palpi</span> <span class='ocrx_word' id='word_1_142' title='bbox 1084 2225 1222 2288; x_wconf 86' lang='lat' dir='ltr'>marium</span> <span class='ocrx_word' id='word_1_143' title='bbox 1252 2224 1338 2286; x_wconf 89' lang='lat' dir='ltr'>enim</span> <span class='ocrx_word' id='word_1_144' title='bbox 1364 2223 1439 2288; x_wconf 75' lang='lat' dir='ltr'>dlii-</span> 
     </span>
     <span class='ocr_line' id='line_1_17' title="bbox 165 2328 1438 2417; baseline -0.001 -24"><span class='ocrx_word' id='word_1_145' title='bbox 165 2351 262 2414; x_wconf 77' lang='lat' dir='ltr'>9onne</span> <span class='ocrx_word' id='word_1_146' title='bbox 280 2330 521 2414; x_wconf 76' lang='lat' dir='ltr'>psychroplrilne</span> <span class='ocrx_word' id='word_1_147' title='bbox 542 2343 573 2394; x_wconf 88' lang='lat' dir='ltr'>et</span> <span class='ocrx_word' id='word_1_148' title='bbox 598 2332 634 2394; x_wconf 72' lang='lat' dir='ltr'>l).</span> <span class='ocrx_word' id='word_1_149' title='bbox 659 2333 813 2396; x_wconf 80' lang='lat' dir='ltr'>tirolensis</span> <span class='ocrx_word' id='word_1_150' title='bbox 836 2331 938 2394; x_wconf 73' lang='lat' dir='ltr'>forma</span> <span class='ocrx_word' id='word_1_151' title='bbox 963 2332 1102 2417; x_wconf 90' lang='lat' dir='ltr'>partium</span> <span class='ocrx_word' id='word_1_152' title='bbox 1126 2329 1248 2396; x_wconf 87' lang='lat' dir='ltr'>tibialis</span> <span class='ocrx_word' id='word_1_153' title='bbox 1264 2341 1295 2394; x_wconf 86' lang='lat' dir='ltr'>et</span> <span class='ocrx_word' id='word_1_154' title='bbox 1311 2328 1438 2394; x_wconf 87' lang='lat' dir='ltr'>tarsalis</span> 
     </span>
     <span class='ocr_line' id='line_1_18' title="bbox 168 2435 1293 2515; baseline 0.01 -17"><span class='ocrx_word' id='word_1_155' title='bbox 168 2435 323 2499; x_wconf 88' lang='lat' dir='ltr'>simillimi</span> <span class='ocrx_word' id='word_1_156' title='bbox 348 2449 423 2501; x_wconf 88' lang='lat' dir='ltr'>sunt</span> <span class='ocrx_word' id='word_1_157' title='bbox 446 2438 531 2502; x_wconf 78' lang='lat' dir='ltr'>inter</span> <span class='ocrx_word' id='word_1_158' title='bbox 555 2445 610 2515; x_wconf 84' lang='lat' dir='ltr'>se).</span> <span class='ocrx_word' id='word_1_159' title='bbox 1291 2493 1293 2500; x_wconf 47' lang='lat'>&gt;</span> 
     </span>
    </p>

    <p class='ocr_par' dir='ltr' id='par_1_3' title="bbox 161 2543 1439 4880">
     <span class='ocr_line' id='line_1_19' title="bbox 272 2543 1439 2630; baseline -0.002 -22"><span class='ocrx_word' id='word_1_160' title='bbox 272 2543 309 2608; x_wconf 93' lang='lat' dir='ltr'>In</span> <span class='ocrx_word' id='word_1_161' title='bbox 343 2545 510 2630; x_wconf 78' lang='lat' dir='ltr'>liriponis:</span> <span class='ocrx_word' id='word_1_162' title='bbox 541 2547 666 2627; x_wconf 78' lang='lat' dir='ltr'>arctico,</span> <span class='ocrx_word' id='word_1_163' title='bbox 700 2544 882 2630; x_wconf 80' lang='lat' dir='ltr'>lonpipnlpi‚</span> <span class='ocrx_word' id='word_1_164' title='bbox 916 2553 1040 2626; x_wconf 77' lang='lat' dir='ltr'>remoto,</span> <span class='ocrx_word' id='word_1_165' title='bbox 1074 2543 1211 2608; x_wconf 76' lang='lat' dir='ltr'>tirolensi</span> <span class='ocrx_word' id='word_1_166' title='bbox 1242 2543 1352 2608; x_wconf 87' lang='lat' dir='ltr'>sulcus</span> <span class='ocrx_word' id='word_1_167' title='bbox 1384 2557 1439 2607; x_wconf 88' lang='lat' dir='ltr'>aut</span> 
     </span>
     <span class='ocr_line' id='line_1_20' title="bbox 168 2651 1439 2739; baseline 0.001 -26"><span class='ocrx_word' id='word_1_168' title='bbox 168 2673 286 2736; x_wconf 79' lang='lat' dir='ltr'>margo⁷</span> <span class='ocrx_word' id='word_1_169' title='bbox 309 2673 373 2736; x_wconf 92' lang='lat' dir='ltr'>quo</span> <span class='ocrx_word' id='word_1_170' title='bbox 396 2673 470 2738; x_wconf 82' lang='lat' dir='ltr'>pars</span> <span class='ocrx_word' id='word_1_171' title='bbox 501 2653 643 2739; x_wconf 85' lang='lat' dir='ltr'>epigyne</span> <span class='ocrx_word' id='word_1_172' title='bbox 675 2652 817 2716; x_wconf 86' lang='lat' dir='ltr'>anterior</span> <span class='ocrx_word' id='word_1_173' title='bbox 848 2651 1006 2739; x_wconf 85' lang='lat' dir='ltr'>subplaua</span> <span class='ocrx_word' id='word_1_174' title='bbox 1036 2675 1118 2739; x_wconf 84' lang='lat' dir='ltr'>poue</span> <span class='ocrx_word' id='word_1_175' title='bbox 1142 2651 1303 2734; x_wconf 83' lang='lat' dir='ltr'>definitur,</span> <span class='ocrx_word' id='word_1_176' title='bbox 1334 2651 1439 2736; x_wconf 88' lang='lat' dir='ltr'>magis</span> 
     </span>
     <span class='ocr_line' id='line_1_21' title="bbox 167 2756 1439 2844; baseline -0.001 -24"><span class='ocrx_word' id='word_1_177' title='bbox 167 2779 185 2820; x_wconf 89' lang='lat' dir='ltr'>a</span> <span class='ocrx_word' id='word_1_178' title='bbox 207 2759 355 2842; x_wconf 83' lang='lat' dir='ltr'>margine</span> <span class='ocrx_word' id='word_1_179' title='bbox 378 2758 500 2844; x_wconf 82' lang='lat' dir='ltr'>postico</span> <span class='ocrx_word' id='word_1_180' title='bbox 528 2769 669 2822; x_wconf 86' lang='lat' dir='ltr'>remotus</span> <span class='ocrx_word' id='word_1_181' title='bbox 693 2769 743 2823; x_wconf 87' lang='lat' dir='ltr'>est</span> <span class='ocrx_word' id='word_1_182' title='bbox 772 2760 807 2822; x_wconf 88' lang='lat' dir='ltr'>in</span> <span class='ocrx_word' id='word_1_183' title='bbox 839 2769 929 2844; x_wconf 85' lang='lat' dir='ltr'>parte</span> <span class='ocrx_word' id='word_1_184' title='bbox 959 2758 1066 2822; x_wconf 72' lang='lat' dir='ltr'>medii</span> <span class='ocrx_word' id='word_1_185' title='bbox 1096 2781 1192 2843; x_wconf 89' lang='lat' dir='ltr'>quarn</span> <span class='ocrx_word' id='word_1_186' title='bbox 1216 2758 1251 2820; x_wconf 91' lang='lat' dir='ltr'>in</span> <span class='ocrx_word' id='word_1_187' title='bbox 1274 2756 1439 2838; x_wconf 78' lang='lat' dir='ltr'>lateribus,</span> 
     </span>
     <span class='ocr_line' id='line_1_22' title="bbox 167 2863 1438 2953; baseline -0.002 -26"><span class='ocrx_word' id='word_1_188' title='bbox 167 2875 356 2928; x_wconf 77' lang='lat' dir='ltr'>recurvatus</span> <span class='ocrx_word' id='word_1_189' title='bbox 380 2877 435 2928; x_wconf 88' lang='lat' dir='ltr'>aut</span> <span class='ocrx_word' id='word_1_190' title='bbox 458 2875 666 2929; x_wconf 88' lang='lat' dir='ltr'>transversus</span> <span class='ocrx_word' id='word_1_191' title='bbox 689 2878 744 2930; x_wconf 87' lang='lat' dir='ltr'>aut</span> <span class='ocrx_word' id='word_1_192' title='bbox 768 2887 948 2953; x_wconf 88' lang='lat' dir='ltr'>procurvus</span> <span class='ocrx_word' id='word_1_193' title='bbox 971 2865 1112 2951; x_wconf 81' lang='lat' dir='ltr'>quidem,</span> <span class='ocrx_word' id='word_1_194' title='bbox 1137 2863 1192 2928; x_wconf 91' lang='lat' dir='ltr'>sed</span> <span class='ocrx_word' id='word_1_195' title='bbox 1217 2863 1324 2928; x_wconf 86' lang='lat' dir='ltr'>minus</span> <span class='ocrx_word' id='word_1_196' title='bbox 1341 2885 1438 2950; x_wconf 86' lang='lat' dir='ltr'>quarn</span> 
     </span>
     <span class='ocr_line' id='line_1_23' title="bbox 166 2969 1438 3061; baseline 0 -28"><span class='ocrx_word' id='word_1_197' title='bbox 166 2992 277 3056; x_wconf 86' lang='lat' dir='ltr'>margo</span> <span class='ocrx_word' id='word_1_198' title='bbox 300 2972 443 3059; x_wconf 88' lang='lat' dir='ltr'>posticus</span> <span class='ocrx_word' id='word_1_199' title='bbox 467 2973 635 3060; x_wconf 79' lang='lat' dir='ltr'>epigynae.</span> <span class='ocrx_word' id='word_1_200' title='bbox 659 2973 740 3037; x_wconf 90' lang='lat' dir='ltr'>Pars</span> <span class='ocrx_word' id='word_1_201' title='bbox 757 2975 914 3058; x_wconf 85' lang='lat' dir='ltr'>posterior</span> <span class='ocrx_word' id='word_1_202' title='bbox 929 2973 1088 3061; x_wconf 85' lang='lat' dir='ltr'>epigynae</span> <span class='ocrx_word' id='word_1_203' title='bbox 1104 2971 1217 3036; x_wconf 89' lang='lat' dir='ltr'>tubere</span> <span class='ocrx_word' id='word_1_204' title='bbox 1234 2969 1340 3034; x_wconf 88' lang='lat' dir='ltr'>medio</span> <span class='ocrx_word' id='word_1_205' title='bbox 1356 2971 1438 3034; x_wconf 93' lang='lat' dir='ltr'>bene</span> 
     </span>
     <span class='ocr_line' id='line_1_24' title="bbox 167 3075 1437 3166; baseline -0.001 -26"><span class='ocrx_word' id='word_1_206' title='bbox 167 3075 298 3142; x_wconf 87' lang='lat' dir='ltr'>definito</span> <span class='ocrx_word' id='word_1_207' title='bbox 321 3091 455 3142; x_wconf 89' lang='lat' dir='ltr'>ornatur</span> <span class='ocrx_word' id='word_1_208' title='bbox 477 3080 512 3142; x_wconf 92' lang='lat' dir='ltr'>in</span> <span class='ocrx_word' id='word_1_209' title='bbox 535 3079 702 3166; x_wconf 76' lang='lat' dir='ltr'>Eriqonis:</span> <span class='ocrx_word' id='word_1_210' title='bbox 732 3079 905 3166; x_wconf 73' lang='lat' dir='ltr'>lonyipalpi</span> <span class='ocrx_word' id='word_1_211' title='bbox 928 3079 993 3165; x_wconf 84' lang='lat' dir='ltr'>(fig.</span> <span class='ocrx_word' id='word_1_212' title='bbox 1018 3081 1068 3164; x_wconf 80' lang='lat'>60,</span> <span class='ocrx_word' id='word_1_213' title='bbox 1093 3079 1147 3158; x_wconf 87' lang='grc'>61)</span> <span class='ocrx_word' id='word_1_214' title='bbox 1179 3089 1210 3142; x_wconf 88' lang='lat' dir='ltr'>et</span> <span class='ocrx_word' id='word_1_215' title='bbox 1234 3085 1350 3142; x_wconf 81' lang='lat' dir='ltr'>reenctc</span> <span class='ocrx_word' id='word_1_216' title='bbox 1373 3075 1437 3161; x_wconf 82' lang='lat' dir='ltr'>(fig.</span> 
     </span>
     <span class='ocr_line' id='line_1_25' title="bbox 166 3184 1438 3272; baseline -0.002 -24"><span class='ocrx_word' id='word_1_217' title='bbox 166 3185 216 3248; x_wconf 86' lang='lat'>68.</span> <span class='ocrx_word' id='word_1_218' title='bbox 241 3186 309 3266; x_wconf 82' lang='lat'>69);</span> <span class='ocrx_word' id='word_1_219' title='bbox 340 3186 374 3248; x_wconf 90' lang='lat' dir='ltr'>in</span> <span class='ocrx_word' id='word_1_220' title='bbox 407 3187 548 3272; x_wconf 75' lang='lat' dir='ltr'>lii-ipone</span> <span class='ocrx_word' id='word_1_221' title='bbox 571 3190 688 3252; x_wconf 78' lang='lat' dir='ltr'>orntiec</span> <span class='ocrx_word' id='word_1_222' title='bbox 711 3197 742 3252; x_wconf 88' lang='lat' dir='ltr'>et</span> <span class='ocrx_word' id='word_1_223' title='bbox 766 3186 905 3252; x_wconf 79' lang='lat' dir='ltr'>tir-eleusi</span> <span class='ocrx_word' id='word_1_224' title='bbox 926 3186 991 3272; x_wconf 84' lang='lat' dir='ltr'>(fig.</span> <span class='ocrx_word' id='word_1_225' title='bbox 1005 3189 1056 3268; x_wconf 74' lang='lat' dir='ltr'>ln</span> <span class='ocrx_word' id='word_1_226' title='bbox 1081 3189 1135 3268; x_wconf 80' lang='lat'>71)</span> <span class='ocrx_word' id='word_1_227' title='bbox 1159 3206 1272 3268; x_wconf 81' lang='lat' dir='ltr'>margo</span> <span class='ocrx_word' id='word_1_228' title='bbox 1295 3184 1438 3270; x_wconf 82' lang='lat' dir='ltr'>posticas</span> 
     </span>
     <span class='ocr_line' id='line_1_26' title="bbox 165 3289 1436 3380; baseline -0.001 -26"><span class='ocrx_word' id='word_1_229' title='bbox 165 3292 326 3378; x_wconf 86' lang='lat' dir='ltr'>epigynae</span> <span class='ocrx_word' id='word_1_230' title='bbox 350 3292 445 3356; x_wconf 89' lang='lat' dir='ltr'>modo</span> <span class='ocrx_word' id='word_1_231' title='bbox 468 3293 604 3360; x_wconf 84' lang='lat' dir='ltr'>libratus</span> <span class='ocrx_word' id='word_1_232' title='bbox 628 3305 676 3357; x_wconf 87' lang='lat' dir='ltr'>est</span> <span class='ocrx_word' id='word_1_233' title='bbox 700 3304 732 3357; x_wconf 89' lang='lat' dir='ltr'>et</span> <span class='ocrx_word' id='word_1_234' title='bbox 747 3294 842 3358; x_wconf 90' lang='lat' dir='ltr'>tuber</span> <span class='ocrx_word' id='word_1_235' title='bbox 857 3295 893 3356; x_wconf 88' lang='lat' dir='ltr'>in</span> <span class='ocrx_word' id='word_1_236' title='bbox 908 3293 1016 3357; x_wconf 72' lang='lat' dir='ltr'>mediis</span> <span class='ocrx_word' id='word_1_237' title='bbox 1038 3303 1130 3380; x_wconf 89' lang='lat' dir='ltr'>parte</span> <span class='ocrx_word' id='word_1_238' title='bbox 1153 3291 1279 3355; x_wconf 89' lang='lat' dir='ltr'>nullum</span> <span class='ocrx_word' id='word_1_239' title='bbox 1304 3289 1436 3356; x_wconf 89' lang='lat' dir='ltr'>eviden-</span> 
     </span>
     <span class='ocr_line' id='line_1_27' title="bbox 165 3397 1437 3487; baseline -0.002 -27"><span class='ocrx_word' id='word_1_240' title='bbox 165 3398 228 3461; x_wconf 86' lang='lat' dir='ltr'>tius</span> <span class='ocrx_word' id='word_1_241' title='bbox 246 3397 373 3482; x_wconf 72' lang='lat' dir='ltr'>format,</span> <span class='ocrx_word' id='word_1_242' title='bbox 397 3400 492 3462; x_wconf 91' lang='lat' dir='ltr'>modo</span> <span class='ocrx_word' id='word_1_243' title='bbox 514 3401 547 3464; x_wconf 94' lang='lat' dir='ltr'>in</span> <span class='ocrx_word' id='word_1_244' title='bbox 572 3411 662 3485; x_wconf 88' lang='lat' dir='ltr'>parte</span> <span class='ocrx_word' id='word_1_245' title='bbox 687 3399 792 3463; x_wconf 73' lang='lat' dir='ltr'>mediis</span> <span class='ocrx_word' id='word_1_246' title='bbox 815 3400 888 3487; x_wconf 91' lang='lat' dir='ltr'>plus</span> <span class='ocrx_word' id='word_1_247' title='bbox 913 3401 1062 3464; x_wconf 91' lang='lat' dir='ltr'>minusve</span> <span class='ocrx_word' id='word_1_248' title='bbox 1079 3397 1437 3484; x_wconf 68' lang='lat' dir='ltr'>elevatusestquidenn</span> 
     </span>
     <span class='ocr_line' id='line_1_28' title="bbox 165 3503 1437 3595; baseline -0.002 -27"><span class='ocrx_word' id='word_1_249' title='bbox 165 3503 221 3569; x_wconf 93' lang='lat' dir='ltr'>sed</span> <span class='ocrx_word' id='word_1_250' title='bbox 244 3527 320 3592; x_wconf 87' lang='lat' dir='ltr'>pars</span> <span class='ocrx_word' id='word_1_251' title='bbox 345 3511 423 3570; x_wconf 84' lang='lat' dir='ltr'>haec</span> <span class='ocrx_word' id='word_1_252' title='bbox 447 3505 574 3572; x_wconf 88' lang='lat' dir='ltr'>elevata</span> <span class='ocrx_word' id='word_1_253' title='bbox 604 3507 638 3570; x_wconf 91' lang='lat' dir='ltr'>in</span> <span class='ocrx_word' id='word_1_254' title='bbox 668 3519 777 3595; x_wconf 85' lang='lat' dir='ltr'>partes</span> <span class='ocrx_word' id='word_1_255' title='bbox 808 3507 959 3571; x_wconf 87' lang='lat' dir='ltr'>laterales</span> <span class='ocrx_word' id='word_1_256' title='bbox 990 3505 1179 3570; x_wconf 89' lang='lat' dir='ltr'>humiliores</span> <span class='ocrx_word' id='word_1_257' title='bbox 1211 3507 1329 3569; x_wconf 90' lang='lat' dir='ltr'>sensim</span> <span class='ocrx_word' id='word_1_258' title='bbox 1362 3503 1437 3568; x_wconf 81' lang='lat' dir='ltr'>abit.</span> 
     </span>
     <span class='ocr_line' id='line_1_29' title="bbox 164 3611 1438 3700; baseline -0.002 -24"><span class='ocrx_word' id='word_1_259' title='bbox 164 3613 273 3678; x_wconf 80' lang='lat' dir='ltr'>Tuber</span> <span class='ocrx_word' id='word_1_260' title='bbox 290 3625 575 3678; x_wconf 85' lang='lat' dir='ltr'>commemoratum</span> <span class='ocrx_word' id='word_1_261' title='bbox 592 3613 692 3677; x_wconf 86' lang='lat' dir='ltr'>multo</span> <span class='ocrx_word' id='word_1_262' title='bbox 709 3613 806 3678; x_wconf 89' lang='lat' dir='ltr'>latius</span> <span class='ocrx_word' id='word_1_263' title='bbox 822 3625 870 3678; x_wconf 84' lang='lat' dir='ltr'>cst</span> <span class='ocrx_word' id='word_1_264' title='bbox 885 3636 981 3700; x_wconf 91' lang='lat' dir='ltr'>quam</span> <span class='ocrx_word' id='word_1_265' title='bbox 996 3613 1125 3700; x_wconf 86' lang='lat' dir='ltr'>longius</span> <span class='ocrx_word' id='word_1_266' title='bbox 1138 3613 1172 3676; x_wconf 91' lang='lat' dir='ltr'>in</span> <span class='ocrx_word' id='word_1_267' title='bbox 1184 3613 1327 3699; x_wconf 75' lang='lat' dir='ltr'>Etipcno</span> <span class='ocrx_word' id='word_1_268' title='bbox 1339 3611 1438 3698; x_wconf 78' lang='lat' dir='ltr'>lertpi-</span> 
     </span>
     <span class='ocr_line' id='line_1_30' title="bbox 161 3720 1437 3807; baseline -0.002 -23"><span class='ocrx_word' id='word_1_269' title='bbox 161 3721 261 3804; x_wconf 76' lang='lat' dir='ltr'>palpi,</span> <span class='ocrx_word' id='word_1_270' title='bbox 274 3741 374 3806; x_wconf 89' lang='lat' dir='ltr'>aeque</span> <span class='ocrx_word' id='word_1_271' title='bbox 388 3721 517 3785; x_wconf 88' lang='lat' dir='ltr'>circiter</span> <span class='ocrx_word' id='word_1_272' title='bbox 529 3720 662 3806; x_wconf 75' lang='lat' dir='ltr'>longum</span> <span class='ocrx_word' id='word_1_273' title='bbox 675 3743 714 3785; x_wconf 88' lang='lat' dir='ltr'>ac</span> <span class='ocrx_word' id='word_1_274' title='bbox 728 3721 826 3785; x_wconf 88' lang='lat' dir='ltr'>latum</span> <span class='ocrx_word' id='word_1_275' title='bbox 840 3722 874 3784; x_wconf 89' lang='lat' dir='ltr'>in</span> <span class='ocrx_word' id='word_1_276' title='bbox 896 3721 932 3784; x_wconf 81' lang='grc' dir='ltr'>Ε.</span> <span class='ocrx_word' id='word_1_277' title='bbox 945 3729 1069 3785; x_wconf 76' lang='lat' dir='ltr'>retacta.</span> <span class='ocrx_word' id='word_1_278' title='bbox 1085 3759 1116 3766; x_wconf 99' lang='lat'>-</span> <span class='ocrx_word' id='word_1_279' title='bbox 1132 3721 1302 3807; x_wconf 81' lang='lat' dir='ltr'>Epigynas</span> <span class='ocrx_word' id='word_1_280' title='bbox 1324 3720 1437 3804; x_wconf 73' lang='lat' dir='ltr'>Eripe-</span> 
     </span>
     <span class='ocr_line' id='line_1_31' title="bbox 163 3827 1437 3914; baseline -0.002 -24"><span class='ocrx_word' id='word_1_281' title='bbox 163 3847 220 3891; x_wconf 83' lang='lat' dir='ltr'>nue</span> <span class='ocrx_word' id='word_1_282' title='bbox 243 3829 375 3892; x_wconf 75' lang='lat' dir='ltr'>aretinae</span> <span class='ocrx_word' id='word_1_283' title='bbox 397 3839 428 3892; x_wconf 88' lang='lat' dir='ltr'>et</span> <span class='ocrx_word' id='word_1_284' title='bbox 444 3829 481 3891; x_wconf 83' lang='lat' dir='ltr'>E.</span> <span class='ocrx_word' id='word_1_285' title='bbox 495 3829 648 3892; x_wconf 83' lang='lat' dir='ltr'>tirolensis</span> <span class='ocrx_word' id='word_1_286' title='bbox 672 3841 758 3892; x_wconf 89' lang='lat' dir='ltr'>certo</span> <span class='ocrx_word' id='word_1_287' title='bbox 782 3828 982 3913; x_wconf 86' lang='lat' dir='ltr'>distinguere</span> <span class='ocrx_word' id='word_1_288' title='bbox 1006 3829 1127 3892; x_wconf 90' lang='lat' dir='ltr'>nescio:</span> <span class='ocrx_word' id='word_1_289' title='bbox 1151 3827 1343 3914; x_wconf 87' lang='lat' dir='ltr'>plerumque</span> <span class='ocrx_word' id='word_1_290' title='bbox 1365 3827 1437 3911; x_wconf 91' lang='lat' dir='ltr'>qui-</span> 
     </span>
     <span class='ocr_line' id='line_1_32' title="bbox 165 3931 1435 4022; baseline 0.001 -27"><span class='ocrx_word' id='word_1_291' title='bbox 165 3931 238 3996; x_wconf 91' lang='lat' dir='ltr'>dem</span> <span class='ocrx_word' id='word_1_292' title='bbox 262 3955 375 4018; x_wconf 84' lang='lat' dir='ltr'>margo</span> <span class='ocrx_word' id='word_1_293' title='bbox 398 3935 541 4019; x_wconf 85' lang='lat' dir='ltr'>posticas</span> <span class='ocrx_word' id='word_1_294' title='bbox 565 3937 725 4022; x_wconf 78' lang='lat' dir='ltr'>epigyuae</span> <span class='ocrx_word' id='word_1_295' title='bbox 749 3934 836 3998; x_wconf 89' lang='lat' dir='ltr'>illius</span> <span class='ocrx_word' id='word_1_296' title='bbox 861 3947 969 3999; x_wconf 85' lang='lat' dir='ltr'>rectus</span> <span class='ocrx_word' id='word_1_297' title='bbox 999 3945 1048 3999; x_wconf 88' lang='lat' dir='ltr'>est</span> <span class='ocrx_word' id='word_1_298' title='bbox 1078 3945 1134 3998; x_wconf 90' lang='lat' dir='ltr'>aut</span> <span class='ocrx_word' id='word_1_299' title='bbox 1157 3934 1301 4020; x_wconf 88' lang='lat' dir='ltr'>paullulo</span> <span class='ocrx_word' id='word_1_300' title='bbox 1325 3955 1435 3997; x_wconf 84' lang='lat' dir='ltr'>resur-</span> 
     </span>
     <span class='ocr_line' id='line_1_33' title="bbox 164 4039 1435 4130; baseline -0.003 -27"><span class='ocrx_word' id='word_1_301' title='bbox 164 4049 267 4126; x_wconf 76' lang='lat' dir='ltr'>vatus,</span> <span class='ocrx_word' id='word_1_302' title='bbox 292 4039 478 4126; x_wconf 82' lang='lat' dir='ltr'>subplanus.</span> <span class='ocrx_word' id='word_1_303' title='bbox 501 4065 577 4130; x_wconf 85' lang='lat' dir='ltr'>pars</span> <span class='ocrx_word' id='word_1_304' title='bbox 601 4043 762 4129; x_wconf 74' lang='lat' dir='ltr'>epigynae</span> <span class='ocrx_word' id='word_1_305' title='bbox 786 4043 942 4129; x_wconf 86' lang='lat' dir='ltr'>posterior</span> <span class='ocrx_word' id='word_1_306' title='bbox 965 4042 1118 4130; x_wconf 79' lang='lat' dir='ltr'>depressa</span> <span class='ocrx_word' id='word_1_307' title='bbox 1131 4043 1164 4104; x_wconf 90' lang='lat' dir='ltr'>in</span> <span class='ocrx_word' id='word_1_308' title='bbox 1178 4053 1312 4126; x_wconf 87' lang='lat' dir='ltr'>utroque</span> <span class='ocrx_word' id='word_1_309' title='bbox 1337 4041 1435 4104; x_wconf 80' lang='lat' dir='ltr'>latere</span> 
     </span>
     <span class='ocr_line' id='line_1_34' title="bbox 164 4147 1434 4236; baseline -0.002 -25"><span class='ocrx_word' id='word_1_310' title='bbox 164 4147 276 4213; x_wconf 90' lang='lat' dir='ltr'>tubere</span> <span class='ocrx_word' id='word_1_311' title='bbox 299 4149 472 4234; x_wconf 84' lang='lat' dir='ltr'>insiguiter</span> <span class='ocrx_word' id='word_1_312' title='bbox 494 4149 623 4235; x_wconf 90' lang='lat' dir='ltr'>obliquo</span> <span class='ocrx_word' id='word_1_313' title='bbox 647 4163 789 4234; x_wconf 82' lang='lat' dir='ltr'>ornatur,</span> <span class='ocrx_word' id='word_1_314' title='bbox 820 4153 854 4212; x_wconf 91' lang='lat' dir='ltr'>in</span> <span class='ocrx_word' id='word_1_315' title='bbox 879 4151 1020 4236; x_wconf 77' lang='lat' dir='ltr'>Eriperes</span> <span class='ocrx_word' id='word_1_316' title='bbox 1045 4149 1182 4214; x_wconf 83' lang='lat' dir='ltr'>tirolensi</span> <span class='ocrx_word' id='word_1_317' title='bbox 1214 4168 1292 4212; x_wconf 89' lang='lat' dir='ltr'>vero</span> <span class='ocrx_word' id='word_1_318' title='bbox 1324 4168 1434 4230; x_wconf 80' lang='lat' dir='ltr'>margo</span> 
     </span>
     <span class='ocr_line' id='line_1_35' title="bbox 162 4253 1431 4344; baseline -0.002 -26"><span class='ocrx_word' id='word_1_319' title='bbox 162 4255 305 4340; x_wconf 83' lang='lat' dir='ltr'>poeticus</span> <span class='ocrx_word' id='word_1_320' title='bbox 329 4257 364 4328; x_wconf 86' lang='lat' dir='ltr'>in</span> <span class='ocrx_word' id='word_1_321' title='bbox 386 4269 477 4344; x_wconf 84' lang='lat' dir='ltr'>parte</span> <span class='ocrx_word' id='word_1_322' title='bbox 501 4256 608 4320; x_wconf 75' lang='lat' dir='ltr'>medita</span> <span class='ocrx_word' id='word_1_323' title='bbox 631 4255 777 4322; x_wconf 89' lang='lat' dir='ltr'>elevatus</span> <span class='ocrx_word' id='word_1_324' title='bbox 801 4269 858 4340; x_wconf 86' lang='lat' dir='ltr'>est,</span> <span class='ocrx_word' id='word_1_325' title='bbox 881 4278 1071 4343; x_wconf 77' lang='lat' dir='ltr'>procurvus,</span> <span class='ocrx_word' id='word_1_326' title='bbox 1093 4277 1169 4342; x_wconf 89' lang='lat' dir='ltr'>pars</span> <span class='ocrx_word' id='word_1_327' title='bbox 1193 4253 1346 4339; x_wconf 88' lang='lat' dir='ltr'>depressa</span> <span class='ocrx_word' id='word_1_328' title='bbox 1368 4253 1431 4339; x_wconf 90' lang='lat' dir='ltr'>epi-</span> 
     </span>
     <span class='ocr_line' id='line_1_36' title="bbox 163 4361 1434 4448; baseline -0.002 -24"><span class='ocrx_word' id='word_1_329' title='bbox 163 4383 270 4448; x_wconf 76' lang='lat' dir='ltr'>gynae</span> <span class='ocrx_word' id='word_1_330' title='bbox 295 4363 456 4448; x_wconf 88' lang='lat' dir='ltr'>utrimque</span> <span class='ocrx_word' id='word_1_331' title='bbox 478 4361 649 4428; x_wconf 86' lang='lat' dir='ltr'>tuberculo</span> <span class='ocrx_word' id='word_1_332' title='bbox 677 4375 863 4428; x_wconf 86' lang='lat' dir='ltr'>transverso</span> <span class='ocrx_word' id='word_1_333' title='bbox 894 4376 1040 4444; x_wconf 79' lang='lat' dir='ltr'>ornatur3</span> <span class='ocrx_word' id='word_1_334' title='bbox 1072 4381 1304 4446; x_wconf 90' lang='lat' dir='ltr'>nonnunquam</span> <span class='ocrx_word' id='word_1_335' title='bbox 1327 4369 1434 4422; x_wconf 87' lang='lat' dir='ltr'>tamen</span> 
     </span>
     <span class='ocr_line' id='line_1_37' title="bbox 164 4467 1433 4554; baseline -0.002 -23"><span class='ocrx_word' id='word_1_336' title='bbox 164 4467 364 4534; x_wconf 83' lang='lat' dir='ltr'>differentiae</span> <span class='ocrx_word' id='word_1_337' title='bbox 388 4469 539 4536; x_wconf 84' lang='lat' dir='ltr'>haesere</span> <span class='ocrx_word' id='word_1_338' title='bbox 563 4473 695 4534; x_wconf 87' lang='lat' dir='ltr'>omnino</span> <span class='ocrx_word' id='word_1_339' title='bbox 719 4482 918 4535; x_wconf 85' lang='lat' dir='ltr'>evanescunt</span> <span class='ocrx_word' id='word_1_340' title='bbox 948 4471 1058 4554; x_wconf 89' lang='lat' dir='ltr'>(etiam</span> <span class='ocrx_word' id='word_1_341' title='bbox 1090 4470 1123 4531; x_wconf 92' lang='lat' dir='ltr'>in</span> <span class='ocrx_word' id='word_1_342' title='bbox 1155 4469 1295 4553; x_wconf 72' lang='lat' dir='ltr'>Eriperes</span> <span class='ocrx_word' id='word_1_343' title='bbox 1319 4467 1433 4532; x_wconf 83' lang='lat' dir='ltr'>aretien</span> 
     </span>
     <span class='ocr_line' id='line_1_38' title="bbox 163 4574 1434 4665; baseline -0.002 -26"><span class='ocrx_word' id='word_1_344' title='bbox 163 4597 236 4661; x_wconf 87' lang='lat' dir='ltr'>pars</span> <span class='ocrx_word' id='word_1_345' title='bbox 260 4575 368 4640; x_wconf 90' lang='lat' dir='ltr'>media</span> <span class='ocrx_word' id='word_1_346' title='bbox 390 4579 547 4663; x_wconf 84' lang='lat' dir='ltr'>marginis</span> <span class='ocrx_word' id='word_1_347' title='bbox 570 4579 683 4665; x_wconf 87' lang='lat' dir='ltr'>postici</span> <span class='ocrx_word' id='word_1_348' title='bbox 709 4600 939 4664; x_wconf 90' lang='lat' dir='ltr'>nonnunquam</span> <span class='ocrx_word' id='word_1_349' title='bbox 965 4575 1073 4664; x_wconf 86' lang='lat' dir='ltr'>paullo</span> <span class='ocrx_word' id='word_1_350' title='bbox 1096 4574 1221 4640; x_wconf 86' lang='lat' dir='ltr'>elevata</span> <span class='ocrx_word' id='word_1_351' title='bbox 1246 4585 1303 4658; x_wconf 73' lang='lat' dir='ltr'>est,</span> <span class='ocrx_word' id='word_1_352' title='bbox 1325 4574 1434 4638; x_wconf 86' lang='lat' dir='ltr'>tuber-</span> 
     </span>
     <span class='ocr_line' id='line_1_39' title="bbox 163 4680 1433 4772; baseline -0.004 -25"><span class='ocrx_word' id='word_1_353' title='bbox 163 4681 236 4747; x_wconf 86' lang='lat' dir='ltr'>cula</span> <span class='ocrx_word' id='word_1_354' title='bbox 266 4680 414 4750; x_wconf 87' lang='lat' dir='ltr'>lateralia</span> <span class='ocrx_word' id='word_1_355' title='bbox 444 4685 600 4770; x_wconf 67' lang='lat' dir='ltr'>liriponoe</span> <span class='ocrx_word' id='word_1_356' title='bbox 631 4687 786 4750; x_wconf 82' lang='lat' dir='ltr'>tirolensis</span> <span class='ocrx_word' id='word_1_357' title='bbox 816 4684 981 4750; x_wconf 88' lang='lat' dir='ltr'>interdum</span> <span class='ocrx_word' id='word_1_358' title='bbox 1013 4684 1155 4772; x_wconf 88' lang='lat' dir='ltr'>conspici</span> <span class='ocrx_word' id='word_1_359' title='bbox 1187 4705 1250 4746; x_wconf 92' lang='lat' dir='ltr'>non</span> <span class='ocrx_word' id='word_1_360' title='bbox 1279 4691 1433 4767; x_wconf 86' lang='lat' dir='ltr'>possunt.</span> 
     </span>
     <span class='ocr_line' id='line_1_40' title="bbox 162 4787 1434 4880; baseline -0.002 -26"><span class='ocrx_word' id='word_1_361' title='bbox 162 4789 313 4855; x_wconf 83' lang='lat' dir='ltr'>Fortasse</span> <span class='ocrx_word' id='word_1_362' title='bbox 336 4813 447 4876; x_wconf 86' lang='lat' dir='ltr'>margo</span> <span class='ocrx_word' id='word_1_363' title='bbox 469 4793 613 4878; x_wconf 88' lang='lat' dir='ltr'>posticus</span> <span class='ocrx_word' id='word_1_364' title='bbox 636 4793 798 4879; x_wconf 84' lang='lat' dir='ltr'>epigynae</span> <span class='ocrx_word' id='word_1_365' title='bbox 821 4815 840 4856; x_wconf 89' lang='lat' dir='ltr'>a</span> <span class='ocrx_word' id='word_1_366' title='bbox 862 4803 953 4880; x_wconf 89' lang='lat' dir='ltr'>parte</span> <span class='ocrx_word' id='word_1_367' title='bbox 977 4792 1100 4876; x_wconf 75' lang='lat' dir='ltr'>postica</span> <span class='ocrx_word' id='word_1_368' title='bbox 1122 4789 1276 4854; x_wconf 91' lang='lat' dir='ltr'>inferiore</span> <span class='ocrx_word' id='word_1_369' title='bbox 1299 4787 1434 4875; x_wconf 86' lang='lat' dir='ltr'>adspec-</span> 
     </span>
    </p>
   </div>
   <div class='ocr_carea' id='block_1_3' title="bbox 0 0 1836 5734">
    <p class='ocr_par' dir='ltr' id='par_1_4' title="bbox 0 0 1836 5734">
     <span class='ocr_line' id='line_1_41' title="bbox 0 0 1836 5734; baseline 0 0"><span class='ocrx_word' id='word_1_370' title='bbox 0 0 1836 5734; x_wconf 95' lang='lat' dir='ltr'> </span> 
     </span>
    </p>
   </div>
   <div class='ocr_carea' id='block_1_4' title="bbox 1830 3329 1833 4082">
    <p class='ocr_par' dir='ltr' id='par_1_5' title="bbox 1830 3329 1833 4082">
     <span class='ocr_line' id='line_1_42' title="bbox 1830 3329 1833 4082; baseline 0 0"><span class='ocrx_word' id='word_1_371' title='bbox 1830 3329 1833 4082; x_wconf 95' lang='lat' dir='ltr'> </span> 
     </span>
    </p>
   </div>
  </div>
 </body>
</html>
