3658 5736
363 439 429 504 598

364 651 451 734 ³584.
487 653 518 716 C.
551 657 712 714 carmalum
743 647 876 730 loshua,
912 649 1070 712 Burmese
1100 645 1319 730 Desmidieae,
1356 667 1428 730 pag.
1461 647 1535 710 647.
1569 644 1649 709 Tab.

471 757 602 839 XXIV,
625 756 678 842 fig.
704 759 755 821 ll.
779 769 811 820 et
837 758 886 820 18.

471 864 562 932 'lah
586 863 756 948 XXXIX,
779 863 832 946 fig.
856 861 1019 929 49-51.

469 972 599 1057 Species
623 970 719 1034 valde
743 967 921 1053 variabilis,
945 967 1051 1034 adhuc
1076 977 1203 1053 praeter
1227 967 1245 1033 J
1256 965 1429 1031 oshuam
1453 990 1472 1030 a
1495 966 1652 1050 Lagar-

365 1077 534 1162 heimi0,
550 1077 602 1143 W.
614 1087 646 1142 et
657 1077 697 1142 G.
711 1077 742 1143 S.
758 1076 939 1140 Westiis
956 1075 1126 1158 delineata,
1142 1096 1162 1138 a
1178 1097 1230 1138 me
1245 1075 1280 1139 in
1297 1073 1565 1160 speciminibusa
1580 1073 1652 1138 Drc

365 1185 407 1249 II.
424 1183 686 1250 Raciborski
712 1182 856 1248 collectis
873 1181 984 1246 multis
996 1183 1030 1245 in
1044 1179 1285 1266 exemplaribus
1298 1181 1432 1246 inventa
1445 1192 1502 1244 est.
1519 1179 1653 1265 Species

365 1292 453 1376 haec,
486 1301 521 1356 ut
544 1313 586 1356 ex
609 1289 758 1354 iconibus
789 1303 821 1354 et
844 1289 1115 1374 descriptionibus
1146 1299 1315 1352 auctorum
1348 1309 1446 1372 supra
1479 1288 1653 1352 citatorum

364 1421 440 1465 cnm
465 1397 697 1486 speciminibus
720 1397 801 1460 meis
826 1397 1020 1482 comparatis
1044 1394 1142 1460 facile
1165 1394 1380 1479 cognoscitur,
1404 1393 1489 1481 qnod
1509 1393 1551 1457 ad
1566 1393 1653 1460 inci-

365 1526 475 1570 suram
506 1503 699 1586 medianam,
734 1502 872 1588 angulos
907 1501 1034 1567 hasales
1070 1513 1165 1588 atque
1200 1500 1511 1565 ornamentationem
1544 1501 1652 1566 centri

365 1611 622 1697 uniuscuiusque
646 1609 865 1674 semicellulae
888 1609 986 1674 valde
1010 1610 1102 1673 varia
1125 1619 1181 1672 est.

472 1719 524 1784 W.
552 1717 667 1782 West
698 1729 729 1782 et
753 1717 792 1782 G.
817 1717 848 1784 S.
873 1717 991 1780 West
1021 1715 1204 1800 diagnosim
1235 1726 1267 1780 et
1296 1714 1436 1800 figuram
1463 1713 1652 1778 Joshuae

364 1824 492 1913 plenius
509 1823 643 1888 reddere
660 1836 785 1907 curant,
811 1846 884 1888 cunr
901 1824 934 1886 in
959 1845 1054 1910 opere
1079 1827 1129 1908 ,A
1144 1821 1372 1887 Contribution
1396 1833 1429 1886 to
1452 1821 1507 1886 the
1529 1819 1652 1885 Fre-sh-

366 1943 467 1997 water
489 1931 594 2017 Algae
617 1931 654 1994 cf
673 1931 818 2020 Ceylon“
843 1932 878 1994 in
901 1929 955 1995 the
978 1930 1210 1994 Transactions
1225 1929 1263 1992 of
1276 1929 1329 1994 the
1345 1929 1494 1994 Liuuean
1518 1927 1651 2014 Society

365 2038 403 2104 of
422 2038 568 2122 Londcn,
599 2037 672 2102 Vol.
698 2038 756 2122 VI,
780 2037 861 2102 Pars
885 2039 923 2122 3,
949 2039 1053 2120 1902,
1085 2059 1156 2123 pag.
1184 2037 1254 2101 173.
1287 2035 1447 2100 scribunt:
1483 2035 1653 2119 ,Joshua's

365 2146 469 2231 figure
492 2145 530 2209 of
553 2147 709 2210 Burmese
741 2145 923 2231 specimens
947 2144 985 2208 of
1003 2143 1068 2208 this
1092 2145 1218 2229 speeies
1249 2145 1278 2208 is
1311 2166 1346 2206 so
1377 2165 1459 2231 very
1482 2165 1562 2229 poor
1584 2140 1651 2206 and

365 2253 553 2317 inaccurate
576 2253 645 2318 that
675 2275 724 2317 we
748 2251 812 2316 feel
844 2251 1025 2338 compelled
1048 2263 1080 2316 to
1103 2252 1179 2336 give
1203 2274 1223 2316 a
1244 2250 1348 2335 figure
1372 2248 1410 2313 of
1429 2271 1517 2313 some
1540 2271 1654 2314 exam-

365 2358 435 2446 ples
459 2359 543 2423 from
567 2359 701 2447 Ceylon.
733 2357 801 2423 The
832 2358 969 2424 vertieal
1001 2359 1087 2422 view
1118 2380 1184 2421 was
1209 2357 1282 2420 well
1306 2355 1433 2442 figured
1458 2357 1504 2443 by
1528 2357 1653 2440 Lagar-

365 2467 453 2532 heim
476 2467 510 2529 in
535 2465 661 2550 Bihang
685 2464 734 2530 till
759 2466 799 2530 K.
823 2465 878 2532 Sv.
903 2464 1099 2528 Vct-Akad.
1123 2464 1222 2529 XIII.
1253 2463 1330 2528 Afd.
1355 2467 1385 2546 3,
1408 2485 1456 2526 nr.
1480 2465 1511 2547 9,
1534 2464 1598 2528 tab.
1623 2465 1653 2530 1,

365 2573 419 2660 fig.
443 2575 505 2638 dc.

473 2679 542 2745 The
564 2679 656 2745 basal
679 2680 789 2760 angles
814 2679 851 2744 of
870 2679 923 2744 the
947 2676 1110 2744 semicclls
1135 2699 1190 2743 arc
1214 2677 1333 2763 faintly
1355 2677 1563 2762 emarginate,
1587 2675 1653 2742 and

366 2811 408 2853 on
431 2787 511 2852 cach
534 2787 650 2852 lateral
673 2787 802 2871 margin
827 2809 882 2850 are
904 2785 996 2850 three
1020 2808 1103 2872 very
1119 2784 1213 2848 small
1230 2783 1382 2870 papillae3
1406 2783 1577 2848 otherwise
1597 2782 1652 2848 the

366 2896 496 2980 margin
518 2895 547 2957 is
571 2896 659 2980 quite
683 2893 817 2958 smooth.
852 2892 922 2958 The
954 2894 1100 2956 icurteen
1124 2891 1214 2976 large
1241 2890 1394 2956 flattened
1417 2887 1572 2975 granules
1595 2912 1651 2953 are

366 3001 506 3089 entirely
531 3001 645 3065 within
669 2999 724 3065 the
748 3002 876 3084 margin
901 2999 964 3064 and
990 3021 1044 3063 are
1070 2998 1212 3062 uniform
1237 3000 1271 3061 in
1295 2999 1391 3063 size“.

475 3113 635 3174 Auctores
659 3119 767 3171 tamen
792 3107 932 3192 speciem
952 3105 1126 3171 -Joshuae
1150 3107 1170 3169 i.
1187 3129 1213 3170 e.
1236 3107 1381 3193 typicam
1404 3127 1469 3169 nou
1487 3103 1650 3204 viderunt,

367 3216 452 3302 quod
477 3214 651 3279 dolendum
676 3218 735 3280 estl

477 3321 682 3408 Quamquam
696 3323 781 3386 enim
795 3323 900 3406 figura
916 3343 934 3384 a
952 3319 990 3383 cl.
1007 3322 1025 3386 J
1033 3319 1152 3384 oshua
1168 3319 1329 3385 delineata
1345 3341 1462 3382 nranca
1473 3330 1531 3402 est,
1542 3331 1649 3382 tamen

367 3452 408 3492 ex
432 3429 673 3514 comparatione
696 3429 820 3514 figurae
843 3429 913 3492 eius
939 3429 989 3492 18.
1021 3429 1116 3513 (quae
1139 3449 1181 3491 ex
1204 3425 1348 3513 obliquo·
1363 3427 1547 3512 perbene
1570 3424 1650 3490 deli-

367 3545 462 3600 neata
484 3541 545 3618 est)
577 3558 652 3598 cum
675 3535 780 3620 figura
802 3545 914 3599 nostra
936 3535 989 3598 49.
1019 3535 1142 3619 figuras
1173 3533 1231 3597 has
1262 3532 1421 3598 identicas
1452 3553 1523 3598 esse
1555 3530 1650 3597 facile

367 3653 507 3728 apparet.
541 3643 614 3723 Qua
637 3665 678 3706 ex
702 3663 738 3706 re
762 3643 916 3726 sequitur,
944 3639 1179 3706 semicellulam
1203 3663 1301 3726 supra
1324 3639 1479 3704 isthmum
1503 3640 1537 3703 in
1560 3648 1650 3728 parte

368 3749 503 3814 centrali
535 3771 690 3813 verrucas
716 3747 738 3814 3
763 3761 794 3812 et
823 3771 921 3832 supra
953 3769 1007 3812 eas
1033 3749 1054 3812 b
1080 3769 1236 3812 verrucas
1259 3747 1417 3834 posidere,
1447 3746 1536 3810 infra
1565 3767 1650 3810 mar-

367 3857 477 3941 ginem
501 3867 609 3920 autem
640 3855 686 3921 14
710 3855 886 3920 maioribus
918 3866 949 3918 et
980 3856 1013 3918 in
1046 3855 1249 3938 marginibus
1281 3852 1471 3918 lateralibus
1502 3853 1651 3939 utrinque

367 3962 596 4030 4minoribus
621 3985 700 4026 non
724 3962 865 4026 tribus
897 3966 945 4044 (ut
977 3963 1028 4025 W.
1053 3963 1168 4026 West
1199 3970 1231 4025 et
1262 3960 1301 4026 G.
1326 3961 1358 4028 S.
1381 3961 1498 4025 Wcst
1524 3963 1651 4046 putant)

368 4073 515 4134 ornatam
547 4093 625 4154 esse,
661 4068 797 4152 angulos
828 4068 955 4134 basales
989 4091 1066 4132 vero
1097 4091 1162 4131 non
1193 4067 1310 4132 leniter
1343 4069 1561 4152 emarginatos
1595 4065 1653 4132 sed

367 4178 568 4242 verrucis
591 4175 835 4242 humilibus
859 4178 879 4240 3
903 4175 1067 4261 praeditos
1092 4197 1171 4240 esse.

474 4284 581 4348 Etiam
605 4283 692 4370 quod
717 4285 759 4348 14
784 4305 938 4348 verrucas
962 4283 1124 4368 (granula)
1147 4283 1234 4348 intra
1260 4283 1439 4367 marginem
1468 4279 1653 4347 semicelln-

368 4391 473 4456 larum
501 4391 633 4475 adtinet,
664 4391 699 4454 in
730 4389 965 4477 speciminibus
996 4391 1162 4479 typicis
1195 4389 1291 4476 plane
1322 4388 1386 4454 alia
1416 4391 1462 4454 rei
1490 4389 1574 4454 ratio
1595 4399 1652 4454 ert

368 4497 535 4563 Verrucae
565 4497 728 4582 (granula)
758 4497 839 4562 haec
872 4499 960 4562 enim
991 4497 1078 4561 infra
1107 4499 1290 4582 marginem
1320 4495 1483 4562 dorsalem
1514 4497 1653 4560 maiores

368 4617 464 4691 atque
488 4604 792 4688 subrectangulatae
810 4617 886 4670 sunt
900 4604 1050 4690 infraque
1067 4605 1231 4690 margines
1255 4603 1406 4668 laterales
1422 4614 1531 4668 autem
1547 4603 1652 4688 magis

369 4711 561 4776 rotundatae
585 4723 661 4775 sunt
684 4725 715 4776 et
740 4723 896 4798 quantum
915 4711 956 4774 ad
972 4709 1109 4794 angulos
1128 4711 1390 4797 appropinguant
1406 4710 1547 4776 minores
1563 4709 1652 4775 fiunt.
