3664 5734
1394 496 1459 560 545

289 705 330 770 In
353 705 494 791 Erigone
517 707 656 770 tirolensi
678 707 743 792 (fig.
770 708 820 788 10,
834 707 889 786 26)
912 727 1082 793 processus
1108 708 1249 770 exterior
1274 707 1374 771 ruulto
1390 731 1458 772 ma·

180 811 231 896 gis
256 811 501 898 approximatus
524 824 572 877 est
595 813 761 899 processui
796 813 952 900 superiori
986 835 1083 899 quam
1107 813 1263 898 inferiori,
1297 816 1459 878 anteriora

182 939 298 982 versus
321 929 353 984 et
376 917 519 1006 paullulo
543 941 670 983 sursum
696 919 849 999 directus,
883 943 996 1008 parum
1021 920 1162 1006 gracilis,
1194 924 1286 1008 apice
1310 933 1359 986 sat
1382 943 1458 985 ecu-

181 1037 242 1108 tae,
266 1025 398 1090 brevior
420 1047 516 1112 quem
539 1047 710 1113 processus
734 1028 883 1115 superior
913 1028 1016 1114 (apice
1040 1049 1104 1092 non
1128 1041 1194 1092 tem
1218 1027 1314 1113 longe
1337 1028 1459 1115 produ-

181 1134 275 1216 ctus),
299 1155 397 1218 quum
415 1155 434 1196 a
449 1131 549 1198 latere
565 1133 758 1220 adspiciter3
782 1133 923 1221 desuper
944 1134 1035 1198 visus
1060 1133 1198 1219 angulus
1222 1137 1365 1200 exterior
1389 1136 1457 1222 api-

181 1237 261 1303 culis
284 1261 456 1326 processus
479 1239 576 1304 huius
599 1253 721 1306 acutus.
756 1263 869 1326 margo
904 1241 1036 1328 apicalis
1070 1251 1256 1308 transverse
1280 1253 1456 1326 truncatus,

180 1356 248 1410 tum
274 1348 436 1410 anteriora
459 1369 573 1412 versus
597 1359 753 1412 curvatus
776 1371 850 1412 cum
875 1351 966 1436 apice
989 1371 1159 1435 processus
1183 1349 1358 1436 superioris
1382 1371 1458 1413 con-

180 1454 335 1538 iungitur.
360 1455 473 1539 Margo
497 1455 643 1542 superior
672 1475 842 1541 processus
867 1457 1050 1542 superioris,
1082 1455 1222 1521 alaterc
1246 1458 1318 1521 visi.
1342 1456 1376 1519 in
1401 1478 1458 1520 an-

179 1558 295 1644 gulum
319 1559 443 1624 fractus
470 1573 519 1626 est
542 1561 657 1645 latum,
693 1563 783 1648 epioe
808 1561 958 1628 obtusum
993 1562 1065 1645 (hoe
1096 1563 1167 1628 loco
1190 1585 1303 1649 margo
1327 1587 1457 1628 sursum
1547 1555 1553 1568 ’

179 1666 321 1732 reflexus
356 1671 426 1750 est),
449 1690 469 1732 a
491 1691 554 1754 quo
578 1668 698 1753 angulo
735 1669 899 1756 usquead
923 1671 1048 1757 apicem
1071 1691 1242 1757 processus
1266 1671 1376 1757 ipsius,
1400 1671 1455 1756 qui

178 1795 282 1859 paene
307 1774 515 1860 rectangulus
540 1787 571 1839 et
594 1777 684 1862 apice
713 1775 846 1840 obtusus
870 1789 926 1852 est,
956 1780 1044 1842 rectit
1068 1777 1136 1842 fere
1165 1777 1251 1842 linea
1274 1776 1456 1861 descendit3

179 1877 240 1942 hoe
264 1879 350 1944 latus
373 1904 542 1968 processus
577 1885 720 1947 anticum
756 1885 904 1970 superius
937 1905 1038 1970 prope
1062 1884 1205 1948 medium
1234 1885 1376 1948 incisura
1400 1907 1457 1948 an-

179 1991 275 2073 gusta
299 2000 443 2072 ornatur,
466 1989 506 2053 ad
531 2011 628 2076 quam
662 1991 848 2066 incisuram,
883 1991 967 2078 apici
1002 1992 1142 2078 propius,
1174 2003 1248 2078 pest
1275 1991 1457 2076 marginem

178 2115 351 2182 processus
374 2095 579 2161 tuberculum
605 2097 726 2162 humile
742 2096 891 2162 obtusum
910 2098 1115 2184 conspicitur.
1137 2099 1288 2184 Desuper
1311 2097 1456 2185 adspecti

178 2222 351 2290 processus
375 2204 551 2290 superioris
586 2226 698 2289 margo
732 2206 873 2269 exterior
897 2206 979 2285 (sive
1003 2205 1162 2292 superior)
1191 2204 1224 2266 in
1248 2205 1355 2267 sinum
1379 2225 1456 2268 eeu·

179 2321 249 2376 tum
273 2311 404 2374 excisus
427 2309 566 2385 videtur„
601 2333 684 2398 apex
708 2324 830 2394 acutus,
865 2333 977 2397 margo
1012 2311 1147 2376 interior
1182 2312 1306 2397 apicem
1340 2331 1456 2375 versus

179 2417 297 2482 leuiter
320 2417 482 2500 sinuatus3
505 2416 641 2482 fissurae
662 2429 927 2482 commemoratae
952 2417 1060 2483 sulcu-s
1085 2417 1257 2505 respondet
1280 2419 1313 2480 in
1333 2419 1456 2504 pariete

177 2527 333 2590 interiore
356 2546 527 2612 processus
552 2525 641 2608 situs,
665 2537 878 2590 transversus.
914 2527 1095 2610 marginem
1118 2525 1304 2589 interiorem
1327 2545 1456 2611 proces·

179 2655 236 2696 sus
259 2631 328 2696 fere
352 2633 523 2716 attingens.
547 2633 722 2698 Processus
746 2633 888 2708 inferior,
912 2632 965 2718 qui
983 2634 1144 2697 anteriora
1168 2653 1282 2695 versus
1306 2653 1367 2694 noe
1386 2631 1455 2694 lon·

178 2740 253 2824 gius
277 2740 437 2826 prominet
460 2761 557 2824 quam
591 2741 747 2826 superior.
783 2739 894 2803 subter
917 2741 1011 2803 medo
1046 2739 1142 2804 deute
1176 2761 1278 2827 parvo
1313 2748 1455 2821 ornatur,

178 2845 275 2910 modo
299 2847 432 2910 inermis
456 2857 511 2910 est.

287 2954 423 3038 Erigone
446 2955 686 3037 cistotopolpus
712 2991 750 3000 -
776 2954 953 3018 seeundum
979 2953 1173 3042 exemplum,
1208 2953 1292 3040 quod
1316 2951 1386 3016 vidi
1414 2989 1453 2998 --

178 3060 288 3125 differt
312 3083 332 3123 a
354 3061 459 3147 priore
481 3081 634 3146 processu
658 3061 826 3145 exteriore
860 3083 959 3147 quum
984 3059 1105 3126 directo
1129 3083 1148 3124 a
1172 3061 1273 3124 latere
1296 3059 1455 3124 exteriore

178 3166 361 3255 adspicitur
383 3167 447 3250 (fig.
472 3169 515 3251 9),
542 3167 713 3250 insigniter
748 3167 900 3253 longiore,
936 3170 1059 3255 apicem
1083 3189 1254 3256 processus
1278 3163 1455 3252 superioris

178 3275 248 3339 fere
273 3275 453 3356 attingenti
477 3273 601 3358 gracili.
633 3275 758 3360 apicem
782 3296 896 3340 versus
921 3275 1014 3360 longe
1039 3287 1070 3340 et
1094 3275 1305 3361 aequabiliter
1329 3284 1455 3336 attenu-

178 3393 239 3445 ate.
263 3381 359 3466 Apex
382 3401 551 3466 processus
587 3381 760 3467 superioris
785 3405 803 3444 a
827 3381 926 3446 latere
950 3383 1040 3447 visus
1064 3395 1112 3446 sat
1147 3382 1210 3446 late
1235 3381 1370 3445 obtusus
1393 3391 1454 3464 est3

177 3485 327 3571 angulus.
351 3487 385 3550 in
408 3507 503 3572 quem
529 3485 652 3550 fractus
675 3501 723 3552 est
747 3510 859 3574 margo
883 3491 1029 3576 superior
1052 3511 1222 3577 processus
1246 3489 1352 3572 huius,
1376 3490 1454 3552 insi-

176 3595 287 3679 gniter
310 3592 413 3675 altior⁷
437 3604 560 3674 acutus,
594 3592 679 3656 latus
715 3596 857 3658 anticum
893 3599 1042 3684 superius
1067 3597 1238 3682 insiguiter
1273 3595 1454 3682 inaequale:

176 3701 210 3764 in
236 3699 345 3764 media
367 3711 458 3787 parte
482 3699 698 3764 rotundatum.
735 3703 895 3789 utrimque
919 3704 1285 3786 rotundato-sinuatum
1312 3705 1455 3768 incisura

176 3829 293 3896 perum
318 3807 502 3894 perspicua3
526 3805 567 3869 ad
591 3809 788 3894 semipsum
821 3831 932 3894 margo
956 3811 1113 3896 angelum
1137 3813 1298 3876 minutum
1322 3823 1453 3875 acutum

178 3915 305 3998 torreat7
329 3912 534 3978 tuberculum
559 3935 658 4000 prope
693 3937 764 3978 eam
788 3915 923 3980 nullum.
959 3920 1068 3998 Quum
1104 3919 1243 4004 desuper
1275 3919 1455 4005 adspicitur

177 4043 253 4110 pars
277 4019 400 4086 tibialis
424 4020 488 4104 (fig.
513 4021 576 4101 25),
601 4021 740 4107 angulus
764 4023 898 4111 apiculis
921 4025 1061 4088 exterior
1091 4046 1260 4111 processus
1284 4025 1454 4090 exterioris

178 4127 241 4193 late
264 4127 457 4191 rotundatas
480 4141 537 4213 est,
561 4152 674 4214 margo
698 4131 782 4195 inter
806 4131 961 4217 angulum
985 4133 1072 4195 hunc
1088 4145 1119 4196 et
1136 4133 1257 4220 apicem
1283 4153 1454 4218 processus

177 4235 354 4322 superioris
378 4247 597 4318 transversus3
620 4258 791 4324 processus
816 4240 962 4324 superior
984 4239 1084 4302 latere
1099 4239 1254 4304 interiere
1269 4238 1310 4302 ad
1327 4239 1453 4326 apicem

178 4339 312 4406 brevius
335 4353 367 4405 et
391 4340 506 4404 lortius
529 4344 639 4406 exciso
662 4366 756 4428 quem
783 4345 817 4407 in
840 4346 947 4432 speeie
970 4345 1089 4432 priore3
1112 4346 1182 4409 eius
1205 4343 1315 4409 sulcus
1338 4368 1453 4432 parum

177 4448 377 4534 perspicuus,
412 4447 531 4532 brevis,
563 4451 743 4533 marginem
778 4453 962 4516 interiorem
997 4450 1093 4538 longe
1124 4474 1188 4515 non
1217 4454 1386 4537 attingens.
1411 4493 1453 4500 -

178 4554 274 4620 'l'cstc
298 4553 365 4621 Cel.
388 4555 424 4620 E.
449 4555 638 4621 Simonio
662 4557 768 4622 variat
790 4556 870 4622 haee
894 4559 1018 4646 species
1034 4581 1097 4622 non
1113 4581 1227 4646 parum
1253 4559 1356 4644 forma
1379 4581 1452 4646 par-

179 4662 219 4726 tis
242 4660 373 4744 tibialis,
408 4663 531 4750 apicem
557 4684 672 4728 versus
695 4663 769 4751 plus
793 4667 942 4732 minusve
973 4667 1180 4750 incrassatae,
1214 4689 1384 4756 processus
1409 4669 1454 4732 in·
