<?xml version="1.0" encoding="UTF-8"?>
<!DOCTYPE html PUBLIC "-//W3C//DTD XHTML 1.0 Transitional//EN"
    "http://www.w3.org/TR/xhtml1/DTD/xhtml1-transitional.dtd">
<html xmlns="http://www.w3.org/1999/xhtml" xml:lang="en" lang="en">
 <head>
  <title>
</title>
<meta http-equiv="Content-Type" content="text/html;charset=utf-8" />
  <meta name='ocr-system' content='tesseract 3.04.00' />
  <meta name='ocr-capabilities' content='ocr_page ocr_carea ocr_par ocr_line ocrx_word'/>
</head>
<body>
  <div class='ocr_page' id='page_1' title='image "./bulletininterna02przgoog_0675.png"; bbox 0 0 3664 5734; ppageno 0'>
   <div class='ocr_carea' id='block_1_1' title="bbox 390 505 455 570">
    <p class='ocr_par' dir='ltr' id='par_1_1' title="bbox 390 505 455 570">
     <span class='ocr_line' id='line_1_1' title="bbox 390 505 455 570; baseline -0.031 0"><span class='ocrx_word' id='word_1_1' title='bbox 390 505 455 570; x_wconf 77' lang='lat' dir='ltr'>bb4</span> 
     </span>
    </p>
   </div>
   <div class='ocr_carea' id='block_1_2' title="bbox 389 719 1738 4868">
    <p class='ocr_par' dir='ltr' id='par_1_2' title="bbox 389 719 1666 2706">
     <span class='ocr_line' id='line_1_2' title="bbox 496 719 1660 807; baseline 0 -23"><span class='ocrx_word' id='word_1_2' title='bbox 496 721 632 806; x_wconf 66' lang='lat' dir='ltr'>Erigone</span> <span class='ocrx_word' id='word_1_3' title='bbox 654 727 725 783; x_wconf 87' lang='lat' dir='ltr'>otro</span> <span class='ocrx_word' id='word_1_4' title='bbox 760 719 825 804; x_wconf 79' lang='lat' dir='ltr'>(lig.</span> <span class='ocrx_word' id='word_1_5' title='bbox 850 720 901 802; x_wconf 77' lang='lat'>37,</span> <span class='ocrx_word' id='word_1_6' title='bbox 925 721 980 802; x_wconf 82' lang='lat'>49)</span> <span class='ocrx_word' id='word_1_7' title='bbox 1015 719 1154 805; x_wconf 80' lang='lat' dir='ltr'>insignis</span> <span class='ocrx_word' id='word_1_8' title='bbox 1184 730 1234 783; x_wconf 80' lang='lat' dir='ltr'>est</span> <span class='ocrx_word' id='word_1_9' title='bbox 1265 719 1363 784; x_wconf 87' lang='lat' dir='ltr'>dente</span> <span class='ocrx_word' id='word_1_10' title='bbox 1395 721 1518 807; x_wconf 89' lang='lat' dir='ltr'>postico</span> <span class='ocrx_word' id='word_1_11' title='bbox 1542 741 1660 807; x_wconf 74' lang='lat' dir='ltr'>parurn</span> 
     </span>
     <span class='ocr_line' id='line_1_3' title="bbox 389 825 1661 915; baseline 0.001 -25"><span class='ocrx_word' id='word_1_12' title='bbox 389 826 486 891; x_wconf 87' lang='lat' dir='ltr'>dente</span> <span class='ocrx_word' id='word_1_13' title='bbox 510 825 616 890; x_wconf 89' lang='lat' dir='ltr'>medio</span> <span class='ocrx_word' id='word_1_14' title='bbox 648 839 753 890; x_wconf 80' lang='lat' dir='ltr'>autem</span> <span class='ocrx_word' id='word_1_15' title='bbox 788 847 984 913; x_wconf 81' lang='lat' dir='ltr'>magnopere</span> <span class='ocrx_word' id='word_1_16' title='bbox 1015 825 1152 908; x_wconf 81' lang='lat' dir='ltr'>evoluto,</span> <span class='ocrx_word' id='word_1_17' title='bbox 1184 825 1273 908; x_wconf 73' lang='lat' dir='ltr'>adeo,</span> <span class='ocrx_word' id='word_1_18' title='bbox 1297 828 1390 890; x_wconf 90' lang='lat' dir='ltr'>utin</span> <span class='ocrx_word' id='word_1_19' title='bbox 1414 826 1511 915; x_wconf 88' lang='lat' dir='ltr'>palpo</span> <span class='ocrx_word' id='word_1_20' title='bbox 1535 837 1661 914; x_wconf 86' lang='lat' dir='ltr'>aparte</span> 
     </span>
     <span class='ocr_line' id='line_1_4' title="bbox 389 932 1662 1020; baseline 0 -24"><span class='ocrx_word' id='word_1_21' title='bbox 389 933 542 998; x_wconf 86' lang='lat' dir='ltr'>inferiore</span> <span class='ocrx_word' id='word_1_22' title='bbox 578 933 729 1020; x_wconf 84' lang='lat' dir='ltr'>adspecto</span> <span class='ocrx_word' id='word_1_23' title='bbox 764 944 865 996; x_wconf 89' lang='lat' dir='ltr'>totum</span> <span class='ocrx_word' id='word_1_24' title='bbox 890 933 957 996; x_wconf 87' lang='lat' dir='ltr'>lere</span> <span class='ocrx_word' id='word_1_25' title='bbox 981 932 1154 998; x_wconf 91' lang='lat' dir='ltr'>dimidium</span> <span class='ocrx_word' id='word_1_26' title='bbox 1186 933 1323 998; x_wconf 86' lang='lat' dir='ltr'>interius</span> <span class='ocrx_word' id='word_1_27' title='bbox 1354 933 1533 1020; x_wconf 78' lang='lat' dir='ltr'>particulae</span> <span class='ocrx_word' id='word_1_28' title='bbox 1556 935 1662 998; x_wconf 87' lang='lat' dir='ltr'>termi-</span> 
     </span>
     <span class='ocr_line' id='line_1_5' title="bbox 389 1038 1663 1127; baseline 0.001 -25"><span class='ocrx_word' id='word_1_29' title='bbox 389 1038 473 1102; x_wconf 86' lang='lat' dir='ltr'>nalis</span> <span class='ocrx_word' id='word_1_30' title='bbox 496 1061 634 1104; x_wconf 87' lang='lat' dir='ltr'>corneae</span> <span class='ocrx_word' id='word_1_31' title='bbox 657 1038 805 1104; x_wconf 77' lang='lat' dir='ltr'><strong>occultet.</strong></span> <span class='ocrx_word' id='word_1_32' title='bbox 828 1039 919 1104; x_wconf 86' lang='lat' dir='ltr'>Dens</span> <span class='ocrx_word' id='word_1_33' title='bbox 942 1039 1085 1126; x_wconf 84' lang='lat' dir='ltr'>poeticus</span> <span class='ocrx_word' id='word_1_34' title='bbox 1108 1061 1224 1127; x_wconf 87' lang='lat' dir='ltr'>parum</span> <span class='ocrx_word' id='word_1_35' title='bbox 1248 1051 1390 1106; x_wconf 88' lang='lat' dir='ltr'>remotus</span> <span class='ocrx_word' id='word_1_36' title='bbox 1414 1053 1463 1104; x_wconf 88' lang='lat' dir='ltr'>est</span> <span class='ocrx_word' id='word_1_37' title='bbox 1486 1041 1663 1124; x_wconf 86' lang='lat' dir='ltr'>amargine</span> 
     </span>
     <span class='ocr_line' id='line_1_6' title="bbox 390 1143 1663 1234; baseline -0.001 -24"><span class='ocrx_word' id='word_1_38' title='bbox 390 1149 550 1211; x_wconf 77' lang='lat' dir='ltr'>exteriore</span> <span class='ocrx_word' id='word_1_39' title='bbox 575 1146 713 1210; x_wconf 86' lang='lat' dir='ltr'>laminae</span> <span class='ocrx_word' id='word_1_40' title='bbox 738 1143 876 1230; x_wconf 85' lang='lat' dir='ltr'>tarsalis,</span> <span class='ocrx_word' id='word_1_41' title='bbox 900 1145 1064 1210; x_wconf 87' lang='lat' dir='ltr'>lamellam</span> <span class='ocrx_word' id='word_1_42' title='bbox 1081 1146 1199 1211; x_wconf 88' lang='lat' dir='ltr'>format</span> <span class='ocrx_word' id='word_1_43' title='bbox 1215 1169 1360 1234; x_wconf 89' lang='lat' dir='ltr'>parvam.</span> <span class='ocrx_word' id='word_1_44' title='bbox 1377 1169 1397 1210; x_wconf 86' lang='lat' dir='ltr'>a</span> <span class='ocrx_word' id='word_1_45' title='bbox 1412 1147 1568 1212; x_wconf 87' lang='lat' dir='ltr'>lateribus</span> <span class='ocrx_word' id='word_1_46' title='bbox 1584 1167 1663 1210; x_wconf 89' lang='lat' dir='ltr'>com·</span> 
     </span>
     <span class='ocr_line' id='line_1_7' title="bbox 389 1252 1664 1341; baseline 0 -25"><span class='ocrx_word' id='word_1_47' title='bbox 389 1273 543 1341; x_wconf 83' lang='lat' dir='ltr'>pressam,</span> <span class='ocrx_word' id='word_1_48' title='bbox 567 1277 649 1340; x_wconf 89' lang='lat' dir='ltr'>quae</span> <span class='ocrx_word' id='word_1_49' title='bbox 674 1255 781 1339; x_wconf 72' lang='lat' dir='ltr'>itaque</span> <span class='ocrx_word' id='word_1_50' title='bbox 804 1276 823 1316; x_wconf 87' lang='lat' dir='ltr'>a</span> <span class='ocrx_word' id='word_1_51' title='bbox 847 1252 947 1318; x_wconf 88' lang='lat' dir='ltr'>latere</span> <span class='ocrx_word' id='word_1_52' title='bbox 969 1255 1128 1318; x_wconf 87' lang='lat' dir='ltr'>exteriore</span> <span class='ocrx_word' id='word_1_53' title='bbox 1151 1253 1264 1318; x_wconf 86' lang='lat' dir='ltr'>brevis</span> <span class='ocrx_word' id='word_1_54' title='bbox 1281 1254 1353 1331; x_wconf 78' lang='lat' dir='ltr'>lata</span> <span class='ocrx_word' id='word_1_55' title='bbox 1377 1254 1418 1318; x_wconf 91' lang='lat' dir='ltr'>ab</span> <span class='ocrx_word' id='word_1_56' title='bbox 1435 1256 1501 1318; x_wconf 89' lang='lat' dir='ltr'>imo</span> <span class='ocrx_word' id='word_1_57' title='bbox 1516 1275 1595 1318; x_wconf 89' lang='lat' dir='ltr'>varo</span> <span class='ocrx_word' id='word_1_58' title='bbox 1610 1275 1664 1316; x_wconf 89' lang='lat' dir='ltr'>an·</span> 
     </span>
     <span class='ocr_line' id='line_1_8' title="bbox 390 1359 1665 1448; baseline 0 -24"><span class='ocrx_word' id='word_1_59' title='bbox 390 1371 485 1446; x_wconf 88' lang='lat' dir='ltr'>gusta</span> <span class='ocrx_word' id='word_1_60' title='bbox 509 1361 647 1426; x_wconf 83' lang='lat' dir='ltr'>videtur.</span> <span class='ocrx_word' id='word_1_61' title='bbox 673 1361 764 1425; x_wconf 83' lang='lat' dir='ltr'>Dens</span> <span class='ocrx_word' id='word_1_62' title='bbox 789 1360 915 1424; x_wconf 81' lang='lat' dir='ltr'>medius</span> <span class='ocrx_word' id='word_1_63' title='bbox 940 1361 1016 1424; x_wconf 74' lang='lat' dir='ltr'>ferri</span> <span class='ocrx_word' id='word_1_64' title='bbox 1049 1360 1158 1446; x_wconf 91' lang='lat' dir='ltr'>equini</span> <span class='ocrx_word' id='word_1_65' title='bbox 1184 1361 1320 1424; x_wconf 88' lang='lat' dir='ltr'>formam</span> <span class='ocrx_word' id='word_1_66' title='bbox 1350 1361 1418 1426; x_wconf 83' lang='lat' dir='ltr'>lere</span> <span class='ocrx_word' id='word_1_67' title='bbox 1440 1359 1546 1444; x_wconf 78' lang='lat' dir='ltr'>habet,</span> <span class='ocrx_word' id='word_1_68' title='bbox 1576 1369 1665 1448; x_wconf 84' lang='lat' dir='ltr'>parte</span> 
     </span>
     <span class='ocr_line' id='line_1_9' title="bbox 390 1466 1665 1554; baseline 0 -24"><span class='ocrx_word' id='word_1_69' title='bbox 390 1469 497 1532; x_wconf 77' lang='lat' dir='ltr'>media</span> <span class='ocrx_word' id='word_1_70' title='bbox 521 1467 642 1554; x_wconf 69' lang='lat' dir='ltr'>repleta</span> <span class='ocrx_word' id='word_1_71' title='bbox 667 1477 699 1532; x_wconf 87' lang='lat' dir='ltr'>ct</span> <span class='ocrx_word' id='word_1_72' title='bbox 722 1467 847 1530; x_wconf 87' lang='lat' dir='ltr'>modice</span> <span class='ocrx_word' id='word_1_73' title='bbox 871 1477 926 1530; x_wconf 88' lang='lat' dir='ltr'>aut</span> <span class='ocrx_word' id='word_1_74' title='bbox 949 1466 1066 1532; x_wconf 89' lang='lat' dir='ltr'>leviter</span> <span class='ocrx_word' id='word_1_75' title='bbox 1089 1471 1245 1546; x_wconf 76' lang='lat' dir='ltr'>concava3</span> <span class='ocrx_word' id='word_1_76' title='bbox 1270 1470 1407 1533; x_wconf 89' lang='lat' dir='ltr'>alterum</span> <span class='ocrx_word' id='word_1_77' title='bbox 1424 1489 1499 1532; x_wconf 88' lang='lat' dir='ltr'>crus</span> <span class='ocrx_word' id='word_1_78' title='bbox 1515 1470 1586 1532; x_wconf 85' lang='lat' dir='ltr'>eius</span> <span class='ocrx_word' id='word_1_79' title='bbox 1601 1471 1665 1554; x_wconf 81' lang='lat' dir='ltr'>(po</span> 
     </span>
     <span class='ocr_line' id='line_1_10' title="bbox 389 1572 1664 1662; baseline 0.001 -25"><span class='ocrx_word' id='word_1_80' title='bbox 389 1577 519 1658; x_wconf 79' lang='lat' dir='ltr'>sticum)</span> <span class='ocrx_word' id='word_1_81' title='bbox 543 1595 642 1662; x_wconf 88' lang='lat' dir='ltr'>prope</span> <span class='ocrx_word' id='word_1_82' title='bbox 665 1572 783 1636; x_wconf 89' lang='lat' dir='ltr'>lineam</span> <span class='ocrx_word' id='word_1_83' title='bbox 808 1572 992 1638; x_wconf 87' lang='lat' dir='ltr'>medianam</span> <span class='ocrx_word' id='word_1_84' title='bbox 1015 1574 1105 1638; x_wconf 90' lang='lat' dir='ltr'>bulbi</span> <span class='ocrx_word' id='word_1_85' title='bbox 1129 1575 1259 1638; x_wconf 88' lang='lat' dir='ltr'>initium</span> <span class='ocrx_word' id='word_1_86' title='bbox 1284 1576 1379 1662; x_wconf 79' lang='lat' dir='ltr'>capit,</span> <span class='ocrx_word' id='word_1_87' title='bbox 1404 1574 1497 1640; x_wconf 85' lang='lat' dir='ltr'>lateri</span> <span class='ocrx_word' id='word_1_88' title='bbox 1514 1574 1664 1639; x_wconf 78' lang='lat' dir='ltr'>exteriori</span> 
     </span>
     <span class='ocr_line' id='line_1_11' title="bbox 389 1679 1666 1768; baseline -0.002 -23"><span class='ocrx_word' id='word_1_89' title='bbox 389 1683 529 1768; x_wconf 66' lang='lat' dir='ltr'>propius,</span> <span class='ocrx_word' id='word_1_90' title='bbox 554 1681 690 1744; x_wconf 83' lang='lat' dir='ltr'>alterum</span> <span class='ocrx_word' id='word_1_91' title='bbox 715 1683 883 1762; x_wconf 88' lang='lat' dir='ltr'>(anticum)</span> <span class='ocrx_word' id='word_1_92' title='bbox 906 1682 940 1744; x_wconf 89' lang='lat' dir='ltr'>in</span> <span class='ocrx_word' id='word_1_93' title='bbox 966 1681 1110 1744; x_wconf 88' lang='lat' dir='ltr'>carinam</span> <span class='ocrx_word' id='word_1_94' title='bbox 1134 1681 1327 1745; x_wconf 79' lang='lat' dir='ltr'>exteriorem</span> <span class='ocrx_word' id='word_1_95' title='bbox 1351 1680 1459 1746; x_wconf 88' lang='lat' dir='ltr'>dentis</span> <span class='ocrx_word' id='word_1_96' title='bbox 1483 1681 1583 1746; x_wconf 80' lang='lat' dir='ltr'>antici</span> <span class='ocrx_word' id='word_1_97' title='bbox 1600 1679 1666 1746; x_wconf 84' lang='lat' dir='ltr'>abit</span> 
     </span>
     <span class='ocr_line' id='line_1_12' title="bbox 390 1787 1665 1874; baseline -0.001 -23"><span class='ocrx_word' id='word_1_98' title='bbox 390 1790 553 1852; x_wconf 84' lang='lat' dir='ltr'>sinuatum</span> <span class='ocrx_word' id='word_1_99' title='bbox 577 1787 716 1874; x_wconf 73' lang='lat' dir='ltr'>quidem,</span> <span class='ocrx_word' id='word_1_100' title='bbox 752 1788 807 1852; x_wconf 81' lang='lat' dir='ltr'>sed</span> <span class='ocrx_word' id='word_1_101' title='bbox 836 1811 899 1852; x_wconf 90' lang='lat' dir='ltr'>non</span> <span class='ocrx_word' id='word_1_102' title='bbox 935 1789 1165 1874; x_wconf 67' lang='lat' dir='ltr'>interruptum</span> <span class='ocrx_word' id='word_1_103' title='bbox 1202 1809 1286 1874; x_wconf 84' lang='lat' dir='ltr'>apex</span> <span class='ocrx_word' id='word_1_104' title='bbox 1321 1789 1403 1865; x_wconf 85' lang='lat' dir='ltr'>(sive</span> <span class='ocrx_word' id='word_1_105' title='bbox 1437 1809 1514 1874; x_wconf 85' lang='lat' dir='ltr'>pare</span> <span class='ocrx_word' id='word_1_106' title='bbox 1548 1787 1665 1868; x_wconf 87' lang='lat' dir='ltr'>media)</span> 
     </span>
     <span class='ocr_line' id='line_1_13' title="bbox 393 1893 1666 1982; baseline 0 -24"><span class='ocrx_word' id='word_1_107' title='bbox 393 1893 490 1980; x_wconf 84' lang='lat' dir='ltr'>„ferri</span> <span class='ocrx_word' id='word_1_108' title='bbox 513 1896 641 1980; x_wconf 68' lang='lat' dir='ltr'>aquiniu</span> <span class='ocrx_word' id='word_1_109' title='bbox 670 1895 756 1959; x_wconf 88' lang='lat' dir='ltr'>intus</span> <span class='ocrx_word' id='word_1_110' title='bbox 781 1895 924 1960; x_wconf 85' lang='lat' dir='ltr'>directus</span> <span class='ocrx_word' id='word_1_111' title='bbox 947 1906 996 1958; x_wconf 87' lang='lat' dir='ltr'>est</span> <span class='ocrx_word' id='word_1_112' title='bbox 1019 1906 1050 1958; x_wconf 91' lang='lat' dir='ltr'>et</span> <span class='ocrx_word' id='word_1_113' title='bbox 1073 1893 1182 1982; x_wconf 89' lang='lat' dir='ltr'>paullo</span> <span class='ocrx_word' id='word_1_114' title='bbox 1206 1893 1357 1959; x_wconf 89' lang='lat' dir='ltr'>deorsum</span> <span class='ocrx_word' id='word_1_115' title='bbox 1381 1905 1413 1958; x_wconf 89' lang='lat' dir='ltr'>et</span> <span class='ocrx_word' id='word_1_116' title='bbox 1430 1905 1529 1975; x_wconf 80' lang='lat' dir='ltr'>retro3</span> <span class='ocrx_word' id='word_1_117' title='bbox 1556 1915 1666 1979; x_wconf 85' lang='lat' dir='ltr'>margo</span> 
     </span>
     <span class='ocr_line' id='line_1_14' title="bbox 391 2001 1666 2089; baseline -0.001 -25"><span class='ocrx_word' id='word_1_118' title='bbox 391 2001 468 2066; x_wconf 88' lang='lat' dir='ltr'>ferri</span> <span class='ocrx_word' id='word_1_119' title='bbox 492 2002 609 2088; x_wconf 80' lang='lat' dir='ltr'>equini,</span> <span class='ocrx_word' id='word_1_120' title='bbox 634 2003 688 2086; x_wconf 90' lang='lat' dir='ltr'>qui</span> <span class='ocrx_word' id='word_1_121' title='bbox 713 2001 862 2064; x_wconf 90' lang='lat' dir='ltr'>deorsum</span> <span class='ocrx_word' id='word_1_122' title='bbox 886 2012 1019 2085; x_wconf 71' lang='lat' dir='ltr'>spectat,</span> <span class='ocrx_word' id='word_1_123' title='bbox 1042 2001 1200 2089; x_wconf 88' lang='lat' dir='ltr'>posterior</span> <span class='ocrx_word' id='word_1_124' title='bbox 1223 2002 1366 2084; x_wconf 86' lang='lat' dir='ltr'>obtusus,</span> <span class='ocrx_word' id='word_1_125' title='bbox 1389 2001 1531 2066; x_wconf 88' lang='lat' dir='ltr'>anterior</span> <span class='ocrx_word' id='word_1_126' title='bbox 1554 2014 1666 2066; x_wconf 84' lang='lat' dir='ltr'>acutus</span> 
     </span>
     <span class='ocr_line' id='line_1_15' title="bbox 390 2107 1666 2195; baseline 0.002 -25"><span class='ocrx_word' id='word_1_127' title='bbox 390 2107 423 2170; x_wconf 90' lang='lat' dir='ltr'>in</span> <span class='ocrx_word' id='word_1_128' title='bbox 448 2113 574 2172; x_wconf 74' lang='lat' dir='ltr'>summa</span> <span class='ocrx_word' id='word_1_129' title='bbox 597 2119 696 2195; x_wconf 82' lang='lat' dir='ltr'>parte,</span> <span class='ocrx_word' id='word_1_130' title='bbox 721 2120 864 2172; x_wconf 90' lang='lat' dir='ltr'>ceterum</span> <span class='ocrx_word' id='word_1_131' title='bbox 887 2130 1002 2194; x_wconf 88' lang='lat' dir='ltr'>parum</span> <span class='ocrx_word' id='word_1_132' title='bbox 1027 2129 1244 2195; x_wconf 64' lang='lat' dir='ltr'>compressum</span> <span class='ocrx_word' id='word_1_133' title='bbox 1279 2130 1355 2172; x_wconf 86' lang='lat' dir='ltr'>curn</span> <span class='ocrx_word' id='word_1_134' title='bbox 1386 2107 1487 2172; x_wconf 87' lang='lat' dir='ltr'>latere</span> <span class='ocrx_word' id='word_1_135' title='bbox 1515 2109 1666 2172; x_wconf 88' lang='lat' dir='ltr'>interiore</span> 
     </span>
     <span class='ocr_line' id='line_1_16' title="bbox 391 2213 1666 2303; baseline 0 -25"><span class='ocrx_word' id='word_1_136' title='bbox 391 2213 497 2278; x_wconf 87' lang='lat' dir='ltr'>dentis</span> <span class='ocrx_word' id='word_1_137' title='bbox 520 2213 617 2278; x_wconf 89' lang='lat' dir='ltr'>huius</span> <span class='ocrx_word' id='word_1_138' title='bbox 641 2215 753 2278; x_wconf 87' lang='lat' dir='ltr'>carina</span> <span class='ocrx_word' id='word_1_139' title='bbox 782 2215 990 2298; x_wconf 87' lang='lat' dir='ltr'>coniungitur</span> <span class='ocrx_word' id='word_1_140' title='bbox 1013 2216 1152 2300; x_wconf 86' lang='lat' dir='ltr'>margini</span> <span class='ocrx_word' id='word_1_141' title='bbox 1177 2213 1342 2302; x_wconf 78' lang='lat' dir='ltr'>parallela,</span> <span class='ocrx_word' id='word_1_142' title='bbox 1372 2216 1531 2303; x_wconf 72' lang='lat' dir='ltr'>proxima,</span> <span class='ocrx_word' id='word_1_143' title='bbox 1561 2215 1666 2278; x_wconf 86' lang='lat' dir='ltr'>hurni-</span> 
     </span>
     <span class='ocr_line' id='line_1_17' title="bbox 390 2321 1666 2411; baseline 0.002 -27"><span class='ocrx_word' id='word_1_144' title='bbox 390 2321 459 2406; x_wconf 74' lang='lat' dir='ltr'>lior‚</span> <span class='ocrx_word' id='word_1_145' title='bbox 483 2321 654 2386; x_wconf 87' lang='lat' dir='ltr'>manifesto</span> <span class='ocrx_word' id='word_1_146' title='bbox 679 2321 817 2402; x_wconf 89' lang='lat' dir='ltr'>carinae,</span> <span class='ocrx_word' id='word_1_147' title='bbox 850 2322 943 2384; x_wconf 85' lang='lat' dir='ltr'>cuius</span> <span class='ocrx_word' id='word_1_148' title='bbox 968 2323 1163 2386; x_wconf 89' lang='lat' dir='ltr'>mentionem</span> <span class='ocrx_word' id='word_1_149' title='bbox 1188 2321 1274 2408; x_wconf 89' lang='lat' dir='ltr'>apud</span> <span class='ocrx_word' id='word_1_150' title='bbox 1299 2324 1439 2410; x_wconf 88' lang='lat' dir='ltr'>speciem</span> <span class='ocrx_word' id='word_1_151' title='bbox 1471 2322 1666 2411; x_wconf 85' lang='lat' dir='ltr'>praeceden-</span> 
     </span>
     <span class='ocr_line' id='line_1_18' title="bbox 390 2427 1664 2516; baseline 0.001 -25"><span class='ocrx_word' id='word_1_152' title='bbox 390 2441 454 2491; x_wconf 84' lang='lat' dir='ltr'>tem</span> <span class='ocrx_word' id='word_1_153' title='bbox 480 2427 628 2508; x_wconf 75' lang='lat' dir='ltr'>fecimus,</span> <span class='ocrx_word' id='word_1_154' title='bbox 654 2427 852 2514; x_wconf 78' lang='lat' dir='ltr'>respondens</span> <span class='ocrx_word' id='word_1_155' title='bbox 876 2438 904 2509; x_wconf 79' lang='lat' dir='ltr'>(c</span> <span class='ocrx_word' id='word_1_156' title='bbox 926 2429 961 2491; x_wconf 89' lang='lat' dir='ltr'>in</span> <span class='ocrx_word' id='word_1_157' title='bbox 983 2428 1035 2512; x_wconf 90' lang='lat' dir='ltr'>fig.</span> <span class='ocrx_word' id='word_1_158' title='bbox 1060 2431 1124 2503; x_wconf 84' lang='grc'>49).</span> <span class='ocrx_word' id='word_1_159' title='bbox 1160 2429 1252 2492; x_wconf 87' lang='lat' dir='ltr'>Dens</span> <span class='ocrx_word' id='word_1_160' title='bbox 1276 2429 1412 2510; x_wconf 84' lang='lat' dir='ltr'>anticus,</span> <span class='ocrx_word' id='word_1_161' title='bbox 1437 2430 1527 2494; x_wconf 92' lang='lat' dir='ltr'>utin</span> <span class='ocrx_word' id='word_1_162' title='bbox 1552 2429 1664 2516; x_wconf 91' lang='lat' dir='ltr'>priori-</span> 
     </span>
     <span class='ocr_line' id='line_1_19' title="bbox 391 2535 1663 2624; baseline 0 -26"><span class='ocrx_word' id='word_1_163' title='bbox 391 2535 460 2616; x_wconf 77' lang='lat' dir='ltr'>buu,</span> <span class='ocrx_word' id='word_1_164' title='bbox 484 2535 584 2600; x_wconf 88' lang='lat' dir='ltr'>latere</span> <span class='ocrx_word' id='word_1_165' title='bbox 609 2535 715 2598; x_wconf 88' lang='lat' dir='ltr'>antico</span> <span class='ocrx_word' id='word_1_166' title='bbox 747 2556 846 2621; x_wconf 90' lang='lat' dir='ltr'>prope</span> <span class='ocrx_word' id='word_1_167' title='bbox 877 2535 1003 2622; x_wconf 87' lang='lat' dir='ltr'>apicem</span> <span class='ocrx_word' id='word_1_168' title='bbox 1033 2535 1177 2620; x_wconf 78' lang='lat' dir='ltr'>gibbum,</span> <span class='ocrx_word' id='word_1_169' title='bbox 1212 2538 1296 2600; x_wconf 89' lang='lat' dir='ltr'>inter</span> <span class='ocrx_word' id='word_1_170' title='bbox 1326 2536 1462 2620; x_wconf 90' lang='lat' dir='ltr'>gibbum</span> <span class='ocrx_word' id='word_1_171' title='bbox 1487 2547 1519 2600; x_wconf 91' lang='lat' dir='ltr'>et</span> <span class='ocrx_word' id='word_1_172' title='bbox 1542 2537 1663 2624; x_wconf 88' lang='lat' dir='ltr'>apicem</span> 
     </span>
     <span class='ocr_line' id='line_1_20' title="bbox 391 2653 557 2706; baseline -0.012 0"><span class='ocrx_word' id='word_1_173' title='bbox 391 2653 557 2706; x_wconf 79' lang='lat' dir='ltr'>excavato.</span> 
     </span>
    </p>

    <p class='ocr_par' dir='ltr' id='par_1_3' title="bbox 390 2747 1738 4868">
     <span class='ocr_line' id='line_1_21' title="bbox 499 2747 1664 2837; baseline 0.001 -25"><span class='ocrx_word' id='word_1_174' title='bbox 499 2748 609 2812; x_wconf 87' lang='lat' dir='ltr'>Multis</span> <span class='ocrx_word' id='word_1_175' title='bbox 635 2750 731 2812; x_wconf 87' lang='lat' dir='ltr'>rebus</span> <span class='ocrx_word' id='word_1_176' title='bbox 756 2749 879 2812; x_wconf 83' lang='lat' dir='ltr'>similos</span> <span class='ocrx_word' id='word_1_177' title='bbox 903 2747 1007 2836; x_wconf 82' lang='lat' dir='ltr'>pulpis</span> <span class='ocrx_word' id='word_1_178' title='bbox 1031 2750 1188 2834; x_wconf 68' lang='lat' dir='ltr'>Erigonae</span> <span class='ocrx_word' id='word_1_179' title='bbox 1203 2757 1291 2816; x_wconf 81' lang='lat' dir='ltr'>utrae</span> <span class='ocrx_word' id='word_1_180' title='bbox 1314 2761 1389 2814; x_wconf 85' lang='lat' dir='ltr'>sunt</span> <span class='ocrx_word' id='word_1_181' title='bbox 1403 2751 1490 2837; x_wconf 91' lang='lat' dir='ltr'>palpi</span> <span class='ocrx_word' id='word_1_182' title='bbox 1513 2752 1664 2836; x_wconf 65' lang='lat' dir='ltr'>Erigonae</span> 
     </span>
     <span class='ocr_line' id='line_1_22' title="bbox 391 2855 1664 2944; baseline 0 -24"><span class='ocrx_word' id='word_1_183' title='bbox 391 2875 504 2940; x_wconf 78' lang='lat' dir='ltr'>caprae</span> <span class='ocrx_word' id='word_1_184' title='bbox 526 2855 593 2939; x_wconf 82' lang='lat' dir='ltr'>(fig.</span> <span class='ocrx_word' id='word_1_185' title='bbox 617 2857 669 2939; x_wconf 78' lang='lat'>38,</span> <span class='ocrx_word' id='word_1_186' title='bbox 693 2859 743 2933; x_wconf 72' lang='grc'>50,</span> <span class='ocrx_word' id='word_1_187' title='bbox 769 2858 832 2938; x_wconf 77' lang='lat'>62),</span> <span class='ocrx_word' id='word_1_188' title='bbox 856 2857 979 2919; x_wconf 83' lang='lat' dir='ltr'>affatim</span> <span class='ocrx_word' id='word_1_189' title='bbox 1002 2867 1110 2920; x_wconf 87' lang='lat' dir='ltr'>tamen</span> <span class='ocrx_word' id='word_1_190' title='bbox 1135 2857 1288 2920; x_wconf 87' lang='lat' dir='ltr'>distincti.</span> <span class='ocrx_word' id='word_1_191' title='bbox 1313 2856 1405 2921; x_wconf 84' lang='lat' dir='ltr'>Dona</span> <span class='ocrx_word' id='word_1_192' title='bbox 1427 2857 1570 2944; x_wconf 85' lang='lat' dir='ltr'>posticus</span> <span class='ocrx_word' id='word_1_193' title='bbox 1593 2877 1664 2944; x_wconf 89' lang='lat' dir='ltr'>par-</span> 
     </span>
     <span class='ocr_line' id='line_1_23' title="bbox 390 2961 1665 3050; baseline 0 -24"><span class='ocrx_word' id='word_1_194' title='bbox 390 2985 461 3027; x_wconf 85' lang='lat' dir='ltr'>vus.</span> <span class='ocrx_word' id='word_1_195' title='bbox 485 2961 586 3026; x_wconf 87' lang='lat' dir='ltr'>multo</span> <span class='ocrx_word' id='word_1_196' title='bbox 611 2962 705 3025; x_wconf 87' lang='lat' dir='ltr'>latior</span> <span class='ocrx_word' id='word_1_197' title='bbox 736 2985 830 3048; x_wconf 88' lang='lat' dir='ltr'>quam</span> <span class='ocrx_word' id='word_1_198' title='bbox 856 2961 990 3046; x_wconf 82' lang='lat' dir='ltr'>longior,</span> <span class='ocrx_word' id='word_1_199' title='bbox 1021 2961 1151 3048; x_wconf 88' lang='lat' dir='ltr'>oblique</span> <span class='ocrx_word' id='word_1_200' title='bbox 1181 2964 1305 3050; x_wconf 89' lang='lat' dir='ltr'>positus</span> <span class='ocrx_word' id='word_1_201' title='bbox 1329 2963 1429 3046; x_wconf 82' lang='lat' dir='ltr'>(foras</span> <span class='ocrx_word' id='word_1_202' title='bbox 1453 2975 1484 3028; x_wconf 90' lang='lat' dir='ltr'>et</span> <span class='ocrx_word' id='word_1_203' title='bbox 1508 2966 1665 3028; x_wconf 88' lang='lat' dir='ltr'>anteriora</span> 
     </span>
     <span class='ocr_line' id='line_1_24' title="bbox 391 3069 1664 3157; baseline -0.002 -23"><span class='ocrx_word' id='word_1_204' title='bbox 391 3091 506 3134; x_wconf 82' lang='lat' dir='ltr'>versus</span> <span class='ocrx_word' id='word_1_205' title='bbox 530 3069 683 3152; x_wconf 77' lang='lat' dir='ltr'>directus,</span> <span class='ocrx_word' id='word_1_206' title='bbox 714 3091 814 3154; x_wconf 92' lang='lat' dir='ltr'>quum</span> <span class='ocrx_word' id='word_1_207' title='bbox 839 3069 879 3132; x_wconf 88' lang='lat' dir='ltr'>ab</span> <span class='ocrx_word' id='word_1_208' title='bbox 904 3071 969 3132; x_wconf 73' lang='lat' dir='ltr'>imai</span> <span class='ocrx_word' id='word_1_209' title='bbox 1001 3080 1091 3156; x_wconf 82' lang='lat' dir='ltr'>parte</span> <span class='ocrx_word' id='word_1_210' title='bbox 1124 3069 1315 3157; x_wconf 77' lang='lat' dir='ltr'>adspicitur)</span> <span class='ocrx_word' id='word_1_211' title='bbox 1346 3073 1379 3132; x_wconf 93' lang='lat' dir='ltr'>in</span> <span class='ocrx_word' id='word_1_212' title='bbox 1411 3070 1501 3134; x_wconf 91' lang='lat' dir='ltr'>bulbi</span> <span class='ocrx_word' id='word_1_213' title='bbox 1533 3069 1664 3134; x_wconf 90' lang='lat' dir='ltr'>dimidio</span> 
     </span>
     <span class='ocr_line' id='line_1_25' title="bbox 391 3176 1665 3263; baseline -0.002 -21"><span class='ocrx_word' id='word_1_214' title='bbox 391 3179 550 3242; x_wconf 82' lang='lat' dir='ltr'>exteriore</span> <span class='ocrx_word' id='word_1_215' title='bbox 574 3176 713 3262; x_wconf 77' lang='lat' dir='ltr'>quidem</span> <span class='ocrx_word' id='word_1_216' title='bbox 737 3177 794 3240; x_wconf 88' lang='lat' dir='ltr'>sed</span> <span class='ocrx_word' id='word_1_217' title='bbox 812 3199 830 3240; x_wconf 91' lang='lat' dir='ltr'>a</span> <span class='ocrx_word' id='word_1_218' title='bbox 848 3176 932 3240; x_wconf 70' lang='lat' dir='ltr'>linea</span> <span class='ocrx_word' id='word_1_219' title='bbox 950 3177 1099 3240; x_wconf 69' lang='lat' dir='ltr'>mediant</span> <span class='ocrx_word' id='word_1_220' title='bbox 1122 3199 1236 3263; x_wconf 90' lang='lat' dir='ltr'>parum</span> <span class='ocrx_word' id='word_1_221' title='bbox 1262 3187 1411 3241; x_wconf 90' lang='lat' dir='ltr'>remotus.</span> <span class='ocrx_word' id='word_1_222' title='bbox 1435 3178 1526 3241; x_wconf 87' lang='lat' dir='ltr'>Dens</span> <span class='ocrx_word' id='word_1_223' title='bbox 1543 3177 1665 3242; x_wconf 81' lang='lat' dir='ltr'>medius</span> 
     </span>
     <span class='ocr_line' id='line_1_26' title="bbox 392 3284 1664 3370; baseline 0 -24"><span class='ocrx_word' id='word_1_224' title='bbox 392 3286 563 3363; x_wconf 83' lang='lat' dir='ltr'>maximus,</span> <span class='ocrx_word' id='word_1_225' title='bbox 588 3285 692 3346; x_wconf 90' lang='lat' dir='ltr'>minor</span> <span class='ocrx_word' id='word_1_226' title='bbox 716 3295 822 3348; x_wconf 83' lang='lat' dir='ltr'>tamen</span> <span class='ocrx_word' id='word_1_227' title='bbox 849 3305 945 3368; x_wconf 89' lang='lat' dir='ltr'>quam</span> <span class='ocrx_word' id='word_1_228' title='bbox 969 3286 1002 3347; x_wconf 93' lang='lat' dir='ltr'>in</span> <span class='ocrx_word' id='word_1_229' title='bbox 1027 3285 1170 3370; x_wconf 66' lang='lat' dir='ltr'>lit-ipone</span> <span class='ocrx_word' id='word_1_230' title='bbox 1192 3289 1273 3364; x_wconf 74' lang='lat' dir='ltr'>atrii,</span> <span class='ocrx_word' id='word_1_231' title='bbox 1297 3285 1350 3366; x_wconf 69' lang='lat' dir='ltr'>ita,</span> <span class='ocrx_word' id='word_1_232' title='bbox 1376 3293 1410 3348; x_wconf 85' lang='lat' dir='ltr'>ut</span> <span class='ocrx_word' id='word_1_233' title='bbox 1433 3284 1474 3347; x_wconf 90' lang='lat' dir='ltr'>ab</span> <span class='ocrx_word' id='word_1_234' title='bbox 1496 3287 1561 3347; x_wconf 92' lang='lat' dir='ltr'>imo</span> <span class='ocrx_word' id='word_1_235' title='bbox 1577 3284 1664 3348; x_wconf 84' lang='lat' dir='ltr'>visus</span> 
     </span>
     <span class='ocr_line' id='line_1_27' title="bbox 391 3389 1664 3477; baseline -0.002 -25"><span class='ocrx_word' id='word_1_236' title='bbox 391 3389 475 3454; x_wconf 88' lang='lat' dir='ltr'>latus</span> <span class='ocrx_word' id='word_1_237' title='bbox 499 3391 635 3455; x_wconf 80' lang='lat' dir='ltr'>interius</span> <span class='ocrx_word' id='word_1_238' title='bbox 660 3389 839 3477; x_wconf 83' lang='lat' dir='ltr'>particulae</span> <span class='ocrx_word' id='word_1_239' title='bbox 863 3389 1044 3454; x_wconf 80' lang='lat' dir='ltr'>terminalia</span> <span class='ocrx_word' id='word_1_240' title='bbox 1062 3413 1198 3455; x_wconf 86' lang='lat' dir='ltr'>corneae</span> <span class='ocrx_word' id='word_1_241' title='bbox 1215 3413 1278 3454; x_wconf 90' lang='lat' dir='ltr'>non</span> <span class='ocrx_word' id='word_1_242' title='bbox 1295 3390 1442 3455; x_wconf 85' lang='lat' dir='ltr'>occultet.</span> <span class='ocrx_word' id='word_1_243' title='bbox 1456 3391 1564 3455; x_wconf 83' lang='lat' dir='ltr'>Etiam</span> <span class='ocrx_word' id='word_1_244' title='bbox 1581 3389 1664 3455; x_wconf 88' lang='lat' dir='ltr'>ferro</span> 
     </span>
     <span class='ocr_line' id='line_1_28' title="bbox 391 3496 1664 3584; baseline -0.001 -23"><span class='ocrx_word' id='word_1_245' title='bbox 391 3500 508 3584; x_wconf 88' lang='lat' dir='ltr'>equino</span> <span class='ocrx_word' id='word_1_246' title='bbox 533 3497 649 3562; x_wconf 84' lang='lat' dir='ltr'>similis</span> <span class='ocrx_word' id='word_1_247' title='bbox 673 3497 738 3560; x_wconf 92' lang='lat' dir='ltr'>dici</span> <span class='ocrx_word' id='word_1_248' title='bbox 764 3509 868 3584; x_wconf 87' lang='lat' dir='ltr'>potest</span> <span class='ocrx_word' id='word_1_249' title='bbox 891 3497 971 3560; x_wconf 83' lang='lat' dir='ltr'>dens</span> <span class='ocrx_word' id='word_1_250' title='bbox 994 3496 1049 3560; x_wconf 90' lang='lat' dir='ltr'>hic</span> <span class='ocrx_word' id='word_1_251' title='bbox 1073 3509 1104 3560; x_wconf 88' lang='lat' dir='ltr'>et</span> <span class='ocrx_word' id='word_1_252' title='bbox 1128 3498 1268 3562; x_wconf 79' lang='lat' dir='ltr'>similem</span> <span class='ocrx_word' id='word_1_253' title='bbox 1301 3500 1334 3561; x_wconf 90' lang='lat' dir='ltr'>in</span> <span class='ocrx_word' id='word_1_254' title='bbox 1359 3497 1491 3562; x_wconf 91' lang='lat' dir='ltr'>modum</span> <span class='ocrx_word' id='word_1_255' title='bbox 1515 3499 1596 3562; x_wconf 85' lang='lat' dir='ltr'>situs</span> <span class='ocrx_word' id='word_1_256' title='bbox 1619 3509 1664 3561; x_wconf 83' lang='lat' dir='ltr'>est</span> 
     </span>
     <span class='ocr_line' id='line_1_29' title="bbox 392 3583 1738 3692; baseline -0.001 -24"><span class='ocrx_word' id='word_1_257' title='bbox 392 3616 487 3691; x_wconf 86' lang='lat' dir='ltr'>atque</span> <span class='ocrx_word' id='word_1_258' title='bbox 511 3609 545 3669; x_wconf 91' lang='lat' dir='ltr'>in</span> <span class='ocrx_word' id='word_1_259' title='bbox 572 3607 710 3689; x_wconf 68' lang='lat' dir='ltr'>llriporal</span> <span class='ocrx_word' id='word_1_260' title='bbox 736 3611 817 3682; x_wconf 70' lang='grc' dir='ltr'><em>αἰνή,</em></span> <span class='ocrx_word' id='word_1_261' title='bbox 850 3604 905 3668; x_wconf 88' lang='lat' dir='ltr'>sed</span> <span class='ocrx_word' id='word_1_262' title='bbox 930 3616 1022 3690; x_wconf 85' lang='lat' dir='ltr'>parte</span> <span class='ocrx_word' id='word_1_263' title='bbox 1054 3604 1160 3668; x_wconf 76' lang='lat' dir='ltr'>media</span> <span class='ocrx_word' id='word_1_264' title='bbox 1185 3627 1247 3668; x_wconf 90' lang='lat' dir='ltr'>non</span> <span class='ocrx_word' id='word_1_265' title='bbox 1273 3605 1402 3692; x_wconf 70' lang='lat' dir='ltr'>repleta,</span> <span class='ocrx_word' id='word_1_266' title='bbox 1433 3616 1519 3670; x_wconf 90' lang='lat' dir='ltr'>totus</span> <span class='ocrx_word' id='word_1_267' title='bbox 1543 3605 1665 3668; x_wconf 85' lang='lat' dir='ltr'>fortiter</span> <span class='ocrx_word' id='word_1_268' title='bbox 1733 3583 1738 3594; x_wconf 43' lang='lat'><em>¹</em></span> 
     </span>
     <span class='ocr_line' id='line_1_30' title="bbox 392 3710 1664 3800; baseline 0.002 -26"><span class='ocrx_word' id='word_1_269' title='bbox 392 3735 605 3800; x_wconf 77' lang='lat' dir='ltr'>compressus,</span> <span class='ocrx_word' id='word_1_270' title='bbox 630 3715 756 3774; x_wconf 77' lang='lat' dir='ltr'>summa</span> <span class='ocrx_word' id='word_1_271' title='bbox 779 3723 870 3798; x_wconf 85' lang='lat' dir='ltr'>parte</span> <span class='ocrx_word' id='word_1_272' title='bbox 894 3715 987 3774; x_wconf 81' lang='lat' dir='ltr'>acuta</span> <span class='ocrx_word' id='word_1_273' title='bbox 1016 3723 1071 3775; x_wconf 88' lang='lat' dir='ltr'>aut</span> <span class='ocrx_word' id='word_1_274' title='bbox 1095 3710 1265 3792; x_wconf 69' lang='lat' dir='ltr'>subacute3</span> <span class='ocrx_word' id='word_1_275' title='bbox 1300 3734 1363 3775; x_wconf 94' lang='lat' dir='ltr'>non</span> <span class='ocrx_word' id='word_1_276' title='bbox 1400 3713 1519 3798; x_wconf 89' lang='lat' dir='ltr'>ubique</span> <span class='ocrx_word' id='word_1_277' title='bbox 1554 3711 1664 3776; x_wconf 85' lang='lat' dir='ltr'>subae-</span> 
     </span>
     <span class='ocr_line' id='line_1_31' title="bbox 391 3815 1664 3905; baseline 0 -23"><span class='ocrx_word' id='word_1_278' title='bbox 391 3818 479 3905; x_wconf 87' lang='lat' dir='ltr'>quali</span> <span class='ocrx_word' id='word_1_279' title='bbox 503 3818 674 3882; x_wconf 86' lang='lat' dir='ltr'>altitudine</span> <span class='ocrx_word' id='word_1_280' title='bbox 699 3831 746 3881; x_wconf 83' lang='lat' dir='ltr'>est</span> <span class='ocrx_word' id='word_1_281' title='bbox 770 3817 849 3882; x_wconf 89' lang='lat' dir='ltr'>dens</span> <span class='ocrx_word' id='word_1_282' title='bbox 874 3818 935 3883; x_wconf 89' lang='lat' dir='ltr'>hic.</span> <span class='ocrx_word' id='word_1_283' title='bbox 960 3817 1017 3882; x_wconf 90' lang='lat' dir='ltr'>sed</span> <span class='ocrx_word' id='word_1_284' title='bbox 1042 3839 1142 3905; x_wconf 90' lang='lat' dir='ltr'>prope</span> <span class='ocrx_word' id='word_1_285' title='bbox 1165 3817 1308 3882; x_wconf 90' lang='lat' dir='ltr'>medium</span> <span class='ocrx_word' id='word_1_286' title='bbox 1333 3821 1367 3882; x_wconf 92' lang='lat' dir='ltr'>in</span> <span class='ocrx_word' id='word_1_287' title='bbox 1391 3819 1547 3904; x_wconf 85' lang='lat' dir='ltr'>angulum</span> <span class='ocrx_word' id='word_1_288' title='bbox 1572 3815 1664 3882; x_wconf 88' lang='lat' dir='ltr'>valde</span> 
     </span>
     <span class='ocr_line' id='line_1_32' title="bbox 392 3924 1664 4013; baseline -0.002 -25"><span class='ocrx_word' id='word_1_289' title='bbox 392 3926 501 4008; x_wconf 73' lang='lat' dir='ltr'>latum,</span> <span class='ocrx_word' id='word_1_290' title='bbox 525 3925 676 3989; x_wconf 86' lang='lat' dir='ltr'>obtusum</span> <span class='ocrx_word' id='word_1_291' title='bbox 701 3924 860 4006; x_wconf 60' lang='lat' dir='ltr'>elevatum</span> <span class='ocrx_word' id='word_1_292' title='bbox 885 3947 959 3988; x_wconf 82' lang='lat' dir='ltr'>crus</span> <span class='ocrx_word' id='word_1_293' title='bbox 984 3926 1053 3988; x_wconf 87' lang='lat' dir='ltr'>eius</span> <span class='ocrx_word' id='word_1_294' title='bbox 1078 3927 1230 4010; x_wconf 84' lang='lat' dir='ltr'>anticum,</span> <span class='ocrx_word' id='word_1_295' title='bbox 1263 3947 1377 3989; x_wconf 87' lang='lat' dir='ltr'>versus</span> <span class='ocrx_word' id='word_1_296' title='bbox 1408 3928 1533 4013; x_wconf 89' lang='lat' dir='ltr'>apicem</span> <span class='ocrx_word' id='word_1_297' title='bbox 1563 3926 1664 3990; x_wconf 86' lang='lat' dir='ltr'>dentis</span> 
     </span>
     <span class='ocr_line' id='line_1_33' title="bbox 391 4031 1664 4119; baseline -0.001 -23"><span class='ocrx_word' id='word_1_298' title='bbox 391 4035 490 4096; x_wconf 85' lang='lat' dir='ltr'>antici</span> <span class='ocrx_word' id='word_1_299' title='bbox 516 4033 686 4114; x_wconf 66' lang='lat' dir='ltr'>directum,</span> <span class='ocrx_word' id='word_1_300' title='bbox 718 4031 831 4118; x_wconf 90' lang='lat' dir='ltr'>procul</span> <span class='ocrx_word' id='word_1_301' title='bbox 856 4033 895 4096; x_wconf 91' lang='lat' dir='ltr'>ab</span> <span class='ocrx_word' id='word_1_302' title='bbox 921 4032 980 4095; x_wconf 80' lang='lat' dir='ltr'>lroc</span> <span class='ocrx_word' id='word_1_303' title='bbox 1005 4034 1096 4119; x_wconf 87' lang='lat' dir='ltr'>apice</span> <span class='ocrx_word' id='word_1_304' title='bbox 1121 4031 1227 4095; x_wconf 89' lang='lat' dir='ltr'>subito</span> <span class='ocrx_word' id='word_1_305' title='bbox 1252 4032 1438 4118; x_wconf 66' lang='lat' dir='ltr'>abruptum</span> <span class='ocrx_word' id='word_1_306' title='bbox 1470 4055 1546 4096; x_wconf 87' lang='lat' dir='ltr'>crue</span> <span class='ocrx_word' id='word_1_307' title='bbox 1569 4033 1664 4119; x_wconf 88' lang='lat' dir='ltr'>posti-</span> 
     </span>
     <span class='ocr_line' id='line_1_34' title="bbox 392 4139 1664 4225; baseline -0.002 -21"><span class='ocrx_word' id='word_1_308' title='bbox 392 4161 465 4204; x_wconf 88' lang='lat' dir='ltr'>cum</span> <span class='ocrx_word' id='word_1_309' title='bbox 492 4141 578 4202; x_wconf 73' lang='lat' dir='ltr'>foram</span> <span class='ocrx_word' id='word_1_310' title='bbox 603 4161 703 4224; x_wconf 87' lang='lat' dir='ltr'>aeque</span> <span class='ocrx_word' id='word_1_311' title='bbox 728 4139 821 4222; x_wconf 86' lang='lat' dir='ltr'>longe</span> <span class='ocrx_word' id='word_1_312' title='bbox 847 4157 942 4224; x_wconf 89' lang='lat' dir='ltr'>atque</span> <span class='ocrx_word' id='word_1_313' title='bbox 966 4139 1046 4204; x_wconf 87' lang='lat' dir='ltr'>dens</span> <span class='ocrx_word' id='word_1_314' title='bbox 1070 4140 1213 4225; x_wconf 84' lang='lat' dir='ltr'>poeticus</span> <span class='ocrx_word' id='word_1_315' title='bbox 1228 4141 1377 4224; x_wconf 71' lang='lat' dir='ltr'>pertinet</span> <span class='ocrx_word' id='word_1_316' title='bbox 1402 4139 1491 4203; x_wconf 88' lang='lat' dir='ltr'>denti</span> <span class='ocrx_word' id='word_1_317' title='bbox 1507 4139 1585 4204; x_wconf 88' lang='lat' dir='ltr'>huic</span> <span class='ocrx_word' id='word_1_318' title='bbox 1600 4139 1664 4202; x_wconf 89' lang='lat' dir='ltr'>fere</span> 
     </span>
     <span class='ocr_line' id='line_1_35' title="bbox 391 4245 1665 4333; baseline -0.001 -24"><span class='ocrx_word' id='word_1_319' title='bbox 391 4245 582 4333; x_wconf 68' lang='lat' dir='ltr'>parallelum</span> <span class='ocrx_word' id='word_1_320' title='bbox 614 4256 662 4308; x_wconf 86' lang='lat' dir='ltr'>est</span> <span class='ocrx_word' id='word_1_321' title='bbox 685 4259 716 4308; x_wconf 84' lang='lat' dir='ltr'>ot</span> <span class='ocrx_word' id='word_1_322' title='bbox 740 4267 813 4309; x_wconf 90' lang='lat' dir='ltr'>cum</span> <span class='ocrx_word' id='word_1_323' title='bbox 845 4269 883 4308; x_wconf 78' lang='lat' dir='ltr'>co</span> <span class='ocrx_word' id='word_1_324' title='bbox 914 4245 982 4309; x_wconf 89' lang='lat' dir='ltr'>fere</span> <span class='ocrx_word' id='word_1_325' title='bbox 1014 4245 1181 4329; x_wconf 65' lang='lat' dir='ltr'>crantingit.</span> <span class='ocrx_word' id='word_1_326' title='bbox 1217 4245 1320 4331; x_wconf 88' lang='lat' dir='ltr'>Prope</span> <span class='ocrx_word' id='word_1_327' title='bbox 1344 4267 1363 4308; x_wconf 87' lang='lat' dir='ltr'>a</span> <span class='ocrx_word' id='word_1_328' title='bbox 1388 4245 1486 4310; x_wconf 87' lang='lat' dir='ltr'>latere</span> <span class='ocrx_word' id='word_1_329' title='bbox 1518 4245 1665 4309; x_wconf 87' lang='lat' dir='ltr'>interiore</span> 
     </span>
     <span class='ocr_line' id='line_1_36' title="bbox 393 4352 1664 4440; baseline 0.002 -25"><span class='ocrx_word' id='word_1_330' title='bbox 393 4353 499 4418; x_wconf 85' lang='lat' dir='ltr'>dentis</span> <span class='ocrx_word' id='word_1_331' title='bbox 524 4353 622 4416; x_wconf 87' lang='lat' dir='ltr'>medii</span> <span class='ocrx_word' id='word_1_332' title='bbox 647 4353 807 4438; x_wconf 83' lang='lat' dir='ltr'>particula</span> <span class='ocrx_word' id='word_1_333' title='bbox 839 4352 1018 4416; x_wconf 82' lang='lat' dir='ltr'>terminalis</span> <span class='ocrx_word' id='word_1_334' title='bbox 1050 4373 1167 4416; x_wconf 83' lang='lat' dir='ltr'>cornea</span> <span class='ocrx_word' id='word_1_335' title='bbox 1199 4354 1310 4418; x_wconf 76' lang='lat' dir='ltr'>carina</span> <span class='ocrx_word' id='word_1_336' title='bbox 1341 4365 1474 4418; x_wconf 88' lang='lat' dir='ltr'>ornatur</span> <span class='ocrx_word' id='word_1_337' title='bbox 1505 4352 1664 4440; x_wconf 53' lang='lat' dir='ltr'>paralleli„</span> 
     </span>
     <span class='ocr_line' id='line_1_37' title="bbox 393 4459 1664 4548; baseline 0.001 -26"><span class='ocrx_word' id='word_1_338' title='bbox 393 4461 640 4548; x_wconf 18' lang='lat' dir='ltr'>acutianoptime</span> <span class='ocrx_word' id='word_1_339' title='bbox 663 4459 802 4542; x_wconf 71' lang='lat' dir='ltr'>evoluta,</span> <span class='ocrx_word' id='word_1_340' title='bbox 825 4483 887 4545; x_wconf 89' lang='lat' dir='ltr'>que</span> <span class='ocrx_word' id='word_1_341' title='bbox 912 4460 951 4522; x_wconf 91' lang='lat' dir='ltr'>ab</span> <span class='ocrx_word' id='word_1_342' title='bbox 975 4461 1040 4522; x_wconf 87' lang='lat' dir='ltr'>imo</span> <span class='ocrx_word' id='word_1_343' title='bbox 1065 4460 1162 4524; x_wconf 83' lang='lat' dir='ltr'>facile</span> <span class='ocrx_word' id='word_1_344' title='bbox 1186 4461 1384 4547; x_wconf 87' lang='lat' dir='ltr'>conspicitur</span> <span class='ocrx_word' id='word_1_345' title='bbox 1399 4461 1540 4546; x_wconf 61' lang='lat' dir='ltr'>(ogau),</span> <span class='ocrx_word' id='word_1_346' title='bbox 1566 4483 1664 4546; x_wconf 89' lang='lat' dir='ltr'>neque</span> 
     </span>
     <span class='ocr_line' id='line_1_38' title="bbox 393 4565 1664 4654; baseline 0.002 -28"><span class='ocrx_word' id='word_1_347' title='bbox 393 4568 539 4650; x_wconf 85' lang='lat' dir='ltr'>margine</span> <span class='ocrx_word' id='word_1_348' title='bbox 574 4565 680 4629; x_wconf 84' lang='lat' dir='ltr'>dentis</span> <span class='ocrx_word' id='word_1_349' title='bbox 705 4567 801 4629; x_wconf 89' lang='lat' dir='ltr'>medii</span> <span class='ocrx_word' id='word_1_350' title='bbox 834 4567 1023 4642; x_wconf 76' lang='lat' dir='ltr'>occultatur,</span> <span class='ocrx_word' id='word_1_351' title='bbox 1048 4579 1083 4632; x_wconf 91' lang='lat' dir='ltr'>ut</span> <span class='ocrx_word' id='word_1_352' title='bbox 1105 4569 1137 4630; x_wconf 90' lang='lat' dir='ltr'>in</span> <span class='ocrx_word' id='word_1_353' title='bbox 1163 4569 1304 4654; x_wconf 65' lang='lat' dir='ltr'>Empori?</span> <span class='ocrx_word' id='word_1_354' title='bbox 1329 4571 1409 4632; x_wconf 71' lang='grc' dir='ltr'><em>αἰνὰ.</em></span> <span class='ocrx_word' id='word_1_355' title='bbox 1445 4569 1539 4654; x_wconf 87' lang='lat' dir='ltr'>Apex</span> <span class='ocrx_word' id='word_1_356' title='bbox 1563 4568 1664 4632; x_wconf 87' lang='lat' dir='ltr'>dentis</span> 
     </span>
     <span class='ocr_line' id='line_1_39' title="bbox 393 4672 1666 4761; baseline 0.003 -27"><span class='ocrx_word' id='word_1_357' title='bbox 393 4674 490 4734; x_wconf 82' lang='lat' dir='ltr'>antici</span> <span class='ocrx_word' id='word_1_358' title='bbox 517 4672 633 4736; x_wconf 85' lang='lat' dir='ltr'>similis</span> <span class='ocrx_word' id='word_1_359' title='bbox 659 4685 753 4758; x_wconf 85' lang='lat' dir='ltr'>utque</span> <span class='ocrx_word' id='word_1_360' title='bbox 778 4676 810 4737; x_wconf 91' lang='lat' dir='ltr'>in</span> <span class='ocrx_word' id='word_1_361' title='bbox 835 4674 1006 4761; x_wconf 85' lang='lat' dir='ltr'>prioribus.</span> <span class='ocrx_word' id='word_1_362' title='bbox 1043 4673 1165 4738; x_wconf 87' lang='lat' dir='ltr'>Bulbus</span> <span class='ocrx_word' id='word_1_363' title='bbox 1197 4673 1347 4758; x_wconf 88' lang='lat' dir='ltr'>genitalis</span> <span class='ocrx_word' id='word_1_364' title='bbox 1377 4677 1538 4740; x_wconf 68' lang='lat' dir='ltr'>varietatis</span> <span class='ocrx_word' id='word_1_365' title='bbox 1561 4676 1666 4739; x_wconf 79' lang='lat' dir='ltr'>oblitae</span> 
     </span>
     <span class='ocr_line' id='line_1_40' title="bbox 393 4778 1482 4868; baseline 0.004 -28"><span class='ocrx_word' id='word_1_366' title='bbox 393 4778 512 4862; x_wconf 85' lang='lat' dir='ltr'>angulo</span> <span class='ocrx_word' id='word_1_367' title='bbox 538 4779 643 4843; x_wconf 79' lang='lat' dir='ltr'>(lentis</span> <span class='ocrx_word' id='word_1_368' title='bbox 668 4781 765 4844; x_wconf 86' lang='lat' dir='ltr'>medii</span> <span class='ocrx_word' id='word_1_369' title='bbox 792 4781 899 4867; x_wconf 84' lang='lat' dir='ltr'>paullo</span> <span class='ocrx_word' id='word_1_370' title='bbox 924 4781 1038 4845; x_wconf 84' lang='lat' dir='ltr'>melius</span> <span class='ocrx_word' id='word_1_371' title='bbox 1062 4805 1215 4868; x_wconf 84' lang='lat' dir='ltr'>expresso</span> <span class='ocrx_word' id='word_1_372' title='bbox 1239 4781 1341 4845; x_wconf 87' lang='lat' dir='ltr'>solum</span> <span class='ocrx_word' id='word_1_373' title='bbox 1366 4780 1482 4846; x_wconf 84' lang='lat' dir='ltr'>differt.</span> 
     </span>
    </p>
   </div>
   <div class='ocr_carea' id='block_1_3' title="bbox 0 0 1841 5734">
    <p class='ocr_par' dir='ltr' id='par_1_4' title="bbox 0 0 1841 5734">
     <span class='ocr_line' id='line_1_41' title="bbox 0 0 1841 5734; baseline 0 0"><span class='ocrx_word' id='word_1_374' title='bbox 0 0 1841 5734; x_wconf 95' lang='lat' dir='ltr'> </span> 
     </span>
    </p>
   </div>
  </div>
 </body>
</html>
