3664 5734
1380 535 1446 602 555
1547 555 1549 560 ·

276 745 435 833 Erigonae
457 747 647 831 deaapalpie
670 745 734 832 (fig.
760 747 812 829 34,
835 748 891 828 46)
914 746 996 812 dens
1020 748 1162 835 posticas
1178 747 1220 812 ad
1236 745 1355 812 lineam
1378 769 1447 812 me-

173 850 300 918 dianam
325 851 417 918 bulbi
440 853 530 936 situs,
554 852 704 918 deorsum
721 865 753 916 et
768 852 877 940 paullo
901 855 1062 919 anteriora
1083 877 1198 920 vorsus
1222 853 1374 936 directus,
1389 854 1445 920 ob-

172 960 295 1043 longus,
321 959 426 1024 formis
449 959 557 1047 paullo
580 962 713 1024 varians
736 961 875 1047 (apicem
899 983 1013 1026 versus
1031 961 1104 1048 plus
1120 962 1270 1026 minusve
1293 972 1445 1046 angusta-

171 1070 242 1150 tus),
266 1089 285 1130 a
309 1065 416 1132 fronte
440 1078 471 1130 et
494 1089 513 1131 a
536 1077 626 1152 tergo
649 1067 778 1153 oblique
809 1089 1013 1154 compressus
1037 1079 1068 1132 et
1092 1067 1217 1132 modice
1247 1069 1281 1132 in
1305 1067 1446 1153 longitu-

171 1171 278 1237 dinem
296 1173 521 1260 complicatus,
538 1175 607 1238 sive
623 1174 716 1261 apice
732 1184 868 1260 excepto
883 1176 1040 1260 triqueter
1055 1173 1155 1239 latere
1171 1176 1278 1239 antico
1293 1175 1446 1242 interiore

170 1291 340 1361 excavat03
364 1303 383 1344 a
406 1279 507 1346 latere
530 1281 689 1346 exteriore
713 1281 804 1346 visus
828 1281 977 1368 sescuplo
1000 1292 1055 1347 aut
1078 1279 1177 1368 duplo
1199 1279 1326 1366 longior
1348 1303 1444 1368 quam

171 1385 271 1470 latior,
304 1387 477 1452 latitudine
509 1387 707 1474 subaequali,
738 1389 830 1474 apice
853 1387 995 1454 obtusus.
1031 1390 1122 1453 Dens
1153 1387 1279 1453 medius
1311 1387 1443 1467 deest3

168 1493 329 1581 particula
352 1493 535 1559 terminalis
559 1516 677 1560 cornea
699 1494 861 1580 profundo
883 1508 1041 1560 excavata
1064 1505 1112 1560 est
1135 1497 1219 1558 inter
1243 1494 1372 1560 dentem
1388 1519 1442 1582 po·

170 1603 286 1666 sticum
311 1613 342 1665 et
368 1601 513 1666 carinam
537 1613 675 1688 acutam²
699 1601 816 1668 leviter
839 1611 1014 1685 arcuatam,
1038 1623 1100 1688 que
1124 1601 1249 1688 apicem
1273 1603 1374 1690 ipsius
1397 1614 1444 1666 at-

169 1708 263 1792 tingit
288 1720 320 1772 et
343 1710 383 1774 ab
410 1731 447 1772 eo
472 1721 558 1772 retro
570 1719 601 1774 et
613 1707 722 1795 paullo
746 1710 833 1772 intus
849 1708 1044 1774 extenditur.
1068 1709 1159 1774 Dens
1175 1710 1302 1774 anticus
1319 1731 1338 1772 a
1353 1723 1445 1796 parte

169 1815 321 1880 interiore
347 1815 504 1880 inferiore
527 1817 618 1880 visus
642 1815 742 1880 latere
759 1817 923 1904 superiore
939 1837 1038 1902 prope
1062 1817 1186 1904 apicem
1203 1815 1347 1900 gibboso,
1362 1838 1445 1903 pono

168 1921 303 2006 gibbum
328 1923 457 1986 modice
480 1933 646 1987 excavato.

275 2028 416 2093 Defectu
441 2028 547 2094 dentis
571 2029 671 2094 medii
687 2039 719 2094 et
735 2030 839 2094 formai
863 2030 970 2094 dentis
993 2031 1091 2094 antici
1109 2031 1261 2095 convenit
1276 2053 1352 2095 cum
1368 2031 1444 2096 lte

167 2157 247 2220 qoao
271 2138 447 2220 dentipolpi
469 2137 605 2222 Erigone
625 2139 802 2217 maneam
826 2139 891 2222 (fig.
915 2139 966 2220 33,
990 2139 1041 2220 45,
1067 2139 1130 2221 57),
1154 2136 1263 2203 differt
1285 2136 1325 2202 ab
1342 2141 1379 2202 ea
1395 2139 1443 2202 in-

170 2241 305 2326 signiter
330 2243 435 2306 forma
458 2242 564 2308 dentis
587 2245 711 2330 postici.
736 2243 843 2308 Huius
866 2267 942 2332 pars
965 2245 1099 2332 apicalis
1122 2245 1308 2331 prominens
1327 2267 1443 2330 parum

170 2347 266 2412 distat
290 2371 309 2412 a
333 2348 433 2414 latero
456 2351 615 2415 exteriore
639 2350 729 2415 bulbi
754 2350 795 2415 ab
818 2351 882 2416 imo
906 2352 977 2432 visi,
1001 2351 1133 2436 gracilis
1149 2361 1206 2436 est,
1228 2373 1292 2414 non
1309 2351 1443 2416 eviden-

168 2465 217 2520 ter
239 2477 435 2542 compressa,
470 2458 594 2543 apicem
619 2481 734 2522 versus
758 2459 971 2544 aequabiliter
1001 2467 1173 2540 attenuata
1204 2459 1296 2546 apice
1319 2457 1443 2522 acutiu-

169 2561 267 2646 scula
291 2564 456 2626 anteriora
479 2585 594 2628 versus
619 2575 649 2629 et
673 2565 783 2653 paullo
807 2563 957 2630 deorsum
982 2565 1113 2646 directa
1139 2587 1267 2630 sursum
1288 2573 1320 2628 et
1334 2563 1444 2652 paullo

169 2669 321 2734 interiora
345 2691 462 2734 versus
487 2671 613 2735 sortiter
636 2685 780 2736 curvata.
805 2671 952 2737 Alatere
966 2672 1120 2736 inferiore
1144 2671 1295 2735 interiore
1310 2671 1444 2757 (figet)

169 2787 251 2840 totns
275 2775 330 2840 hic
353 2776 433 2840 dens
460 2779 659 2864 conspicitur
682 2780 841 2862 (margine
865 2778 981 2866 spirali
1005 2779 1107 2865 partis
1130 2777 1250 2844 besalis
1273 2777 1365 2842 bulbi
1387 2801 1444 2866 pa-

169 2903 239 2946 rum
273 2885 368 2946 modo
400 2882 559 2964 obtectus)
591 2907 729 2970 magnus
760 2885 865 2965 valde,
898 2885 976 2970 basi,
1006 2907 1088 2971 quae
1111 2884 1270 2972 profunde
1302 2887 1364 2950 sita
1386 2897 1442 2968 est7

169 2987 318 3054 deorsum
343 3001 375 3054 et
399 3001 485 3056 retro
508 3001 540 3054 et
563 2991 672 3078 paullo
696 2994 783 3057 foras
808 2993 959 3077 directus,
983 2993 1146 3078 triqueter,
1163 3015 1182 3054 a
1196 2991 1268 3056 basi
1284 3015 1385 3078 usque
1401 2991 1443 3057 ad

168 3097 292 3182 apicem
317 3095 530 3182 aequabiliter
553 3107 585 3162 et
609 3097 736 3164 fortiter
759 3111 923 3164 curvatus.
955 3103 984 3164 A
1008 3098 1107 3163 latere
1132 3099 1291 3162 exteriore
1314 3101 1441 3187 conspi-

168 3201 251 3266 citur
274 3203 407 3289 qoidem
433 3203 513 3268 dens
538 3207 693 3292 posticae:
725 3229 853 3294 parvus,
878 3206 1046 3290 oblongus,
1070 3207 1230 3270 anteriora
1252 3227 1368 3270 versus
1391 3207 1441 3270 di-

169 3323 283 3392 rectos
308 3331 423 3396 parum
449 3323 611 3376 curvatus.
635 3313 692 3376 sed
718 3313 802 3377 ultra
824 3316 988 3398 margines
1011 3311 1102 3377 bulbi
1126 3334 1189 3376 non
1213 3313 1382 3398 prominet.

274 3525 412 3609 Erigone
432 3528 637 3610 proraiat'colo
662 3525 770 3590 differt
794 3525 919 3590 fabrica
942 3525 1034 3591 bulbi
1058 3526 1209 3608 genitalis
1233 3527 1297 3612 (fig.
1322 3528 1373 3610 66,
1386 3529 1441 3608 et)

168 3629 206 3694 55
230 3631 382 3716 Erigorria
404 3633 546 3718 propriis
571 3633 749 3717 insigniter.
766 3635 957 3720 praesertim
980 3632 1067 3718 quod
1088 3643 1212 3720 partem
1237 3634 1441 3699 terminalem

168 3739 289 3802 attinet.
314 3739 394 3802 Pars
420 3738 579 3820 „basalis‘
603 3752 638 3803 ut
660 3741 693 3802 in
718 3739 784 3802 illis
800 3763 841 3804 ex
857 3739 1059 3804 anfractibus
1084 3739 1207 3804 duobus
1224 3752 1350 3805 constat
1365 3743 1440 3806 sub-

167 3845 371 3929 transversis,
393 3847 498 3932 primo
521 3868 618 3931 quarn
642 3845 804 3912 secundus
827 3845 1010 3926 humiliore3
1035 3869 1146 3932 margo
1162 3847 1296 3934 apiculis
1312 3849 1440 3914 anfrac-

168 3961 217 4014 tus
242 3951 376 4016 secundi
402 3955 435 4015 in
460 3952 595 4016 dimidio
618 3955 777 4018 exteriore
807 3955 885 4018 item
917 3955 949 4017 in
973 3976 1160 4041 processum
1190 3955 1368 4041 productus
1391 3967 1441 4020 est

168 4059 327 4122 anteriora
353 4081 470 4124 versus
494 4060 663 4144 directum,
696 4083 770 4124 cum
802 4062 949 4145 margine
973 4059 1089 4124 alveoli
1122 4063 1362 4146 contingentem
1386 4077 1441 4126 aut
1476 4137 1479 4144 Ι

168 4166 194 4227 ei
219 4167 415 4252 proximum,
440 4165 541 4230 multo
566 4181 673 4230 tamen
699 4167 885 4251 longiorem,
910 4167 997 4230 adeo.
1023 4180 1057 4230 ut
1081 4167 1204 4255 apicem
1229 4167 1317 4232 bulbi
1344 4172 1437 4234 attin·

168 4283 232 4356 gat3
254 4295 427 4361 processus
444 4273 496 4337 hic
512 4275 642 4338 circiter
657 4273 823 4338 dimidiam
849 4273 1083 4359 longitudinem
1109 4273 1198 4339 bulbi
1223 4288 1345 4361 aequat,
1363 4277 1439 4340 sub·

168 4390 273 4444 rectus
297 4391 354 4462 est,
378 4381 481 4444 multo
505 4379 631 4466 longior
653 4403 750 4466 quam
775 4381 876 4446 latior.
901 4381 1071 4445 latitudine
1096 4381 1214 4467 ubique
1243 4383 1438 4468 subaequali.

168 4486 277 4552 subter
300 4488 333 4550 in
357 4484 580 4552 transversum
604 4510 779 4571 convexus,
803 4488 929 4552 modice
946 4486 1055 4570 durus,
1080 4489 1171 4576 apice
1186 4489 1327 4554 obtusus.
1352 4512 1438 4554 com-

167 4593 324 4680 planatus,
349 4593 625 4660 membranaceus.
649 4596 792 4659 breviter
816 4595 953 4658 oiliatus.
989 4595 1062 4682 lpse
1086 4617 1168 4682 apex
1198 4595 1364 4660 anfractus
1389 4619 1439 4662 se-

168 4701 264 4765 cundi
288 4702 322 4764 in
356 4701 482 4765 alveolo
513 4703 593 4765 situs
617 4703 649 4764 in
677 4701 773 4766 bulbo
803 4725 867 4765 non
900 4701 1033 4766 distorto
1063 4723 1128 4766 non
1160 4713 1215 4766 aut
1246 4702 1438 4768 difficillime

168 4809 366 4896 conspicitur
390 4809 475 4872 inter
498 4830 686 4895 processum
711 4809 878 4874 commodo
902 4809 1099 4896 descriptum
1130 4810 1198 4895 (qni
1228 4808 1439 4900 probabiliter

1351 4936 1385 4987 70
