3664 5734
372 459 438 528 544

370 687 438 742 tere
462 675 606 764 adspecti
630 677 742 764 spatiis
766 677 1017 764 subaequalibus
1041 677 1162 743 distare
1186 678 1318 743 videtur
1340 679 1381 744 ab
1403 680 1550 767 apicibus
1571 701 1639 768 pro

371 803 522 848 censuum
547 785 722 871 superioris
745 795 777 848 et
799 783 964 849 inferioris
987 783 1075 866 (huic
1098 784 1243 873 paullulo
1265 787 1418 874 propior).
1442 787 1481 851 ln
1498 786 1642 876 exemplo

371 889 468 954 huius
492 892 620 977 speciei,
654 890 740 978 quod
764 891 844 956 mibi
868 891 934 958 Cel.
959 893 994 956 Ε.
1019 891 1129 958 Simon
1154 892 1238 956 dono
1262 893 1359 976 dedit
1396 893 1642 981 cephalotborax

376 999 445 1062 rte
469 1019 543 1060 mm.
567 996 691 1082 longus,
714 1019 790 1085 pars
813 996 979 1086 patellaris
995 1000 1070 1063 042
1086 998 1190 1085 longa
1214 1023 1290 1087 pars
1307 999 1427 1065 tibialis
1452 1003 1525 1065 oet
1549 1000 1644 1086 longa

372 1115 403 1168 et
427 1105 518 1192 apice
542 1103 615 1188 alta,
639 1104 760 1168 lamina
784 1104 911 1168 tarsalis
934 1107 1009 1170 oab
1033 1103 1130 1191 longa
1153 1119 1214 1190 est3
1247 1129 1418 1194 processus
1453 1106 1574 1172 tibialis
1597 1109 1645 1170 in-

371 1209 507 1275 inferior
530 1211 641 1275 subter
663 1212 805 1276 inermis.
831 1251 872 1258 -
897 1211 1057 1300 Exempla
1079 1212 1143 1276 duo
1167 1213 1319 1278 Polonica
1350 1213 1440 1297 (loco,
1468 1214 1558 1297 eheu,
1582 1236 1644 1278 non

372 1329 479 1382 notato
502 1355 544 1364 --
567 1317 778 1404 probabiliter
801 1318 842 1382 ad
865 1319 1057 1385 Cracoviam
1081 1358 1123 1367 -
1147 1319 1251 1403 lecta),
1276 1321 1362 1384 haud
1387 1321 1485 1385 dubie
1501 1320 1645 1386 eiusdem

372 1424 500 1512 speciei,
523 1423 684 1489 differunt
707 1425 747 1490 ab
771 1424 920 1512 exemplo
944 1424 1000 1489 illo
1022 1425 1150 1492 Gallico
1177 1437 1270 1514 parte
1292 1426 1397 1492 tibiali
1422 1429 1513 1514 apice
1536 1426 1646 1516 paullo

373 1530 479 1594 minus
502 1531 690 1616 incrassate,
725 1553 823 1618 supra
845 1531 954 1619 paullo
977 1532 1122 1618 longiore
1152 1555 1249 1619 quam
1273 1535 1365 1622 apice
1389 1534 1462 1618 alu,
1491 1557 1646 1622 processu

372 1636 525 1702 inferiore
548 1638 660 1702 subter
683 1637 780 1702 dente
802 1661 905 1726 parvo
939 1651 1064 1719 ornato;
1100 1641 1248 1704 varietati
1283 1642 1434 1729 propriae
1457 1643 1581 1722 (oblitae
1604 1643 1647 1724 n.)

372 1742 471 1828 igitur
495 1743 711 1809 adscribenda
734 1756 809 1810 sunt
825 1745 961 1810 fortasse
977 1746 1057 1810 haec
1073 1745 1234 1834 exempla;
1259 1747 1512 1835 cephalothorax
1536 1770 1647 1812 eorum

375 1853 444 1915 1·ἳὸ
468 1865 499 1915 et
526 1854 596 1916 1·29
622 1875 696 1917 mru.
720 1851 835 1937 longus
859 1863 916 1936 est,
940 1875 1016 1940 pars
1041 1853 1162 1918 tibialis
1186 1855 1262 1919 ObO
1285 1854 1391 1940 longa,
1414 1877 1490 1942 pars
1513 1853 1648 1942 patella·

372 1959 417 2022 ris
440 1960 514 2022 042
538 1969 570 2022 et
591 1961 666 2023 0·44
691 1960 794 2044 longa,
819 1961 909 2046 apice
933 1961 1006 2024 0·Βῖ
1032 1972 1064 2024 et
1085 1963 1160 2026 039
1184 1961 1257 2044 alta,
1282 1961 1404 2026 lamina
1428 1961 1556 2026 tarsalis
1573 1964 1647 2026 ott

371 2077 403 2129 et
425 2067 499 2130 0·48
523 2065 628 2150 longa.

478 2174 614 2258 Erigone
632 2175 813 2256 promiscua
846 2173 896 2258 (O.
920 2174 955 2236 P.
979 2173 1120 2260 Cambr.)
1143 2175 1209 2260 (fig.
1233 2177 1262 2258 8,
1287 2178 1341 2254 32)
1373 2177 1515 2240 maxime
1540 2175 1649 2240 affinis

373 2281 529 2366 Erigonae
551 2281 725 2364 daritipolpi
747 2279 875 2366 quidem
901 2293 957 2344 cst.
993 2280 1049 2344 sed
1076 2282 1228 2346 convenit
1262 2305 1337 2347 cum
1361 2283 1524 2370 prioribus
1553 2283 1650 2348 dente

371 2387 530 2451 exteriore
553 2387 654 2473 partis
671 2387 792 2450 tibialis
810 2387 1024 2474 complanat03
1049 2389 1154 2452 differt
1170 2388 1210 2452 ab
1227 2390 1273 2452 eis
1289 2412 1443 2477 processu
1460 2389 1522 2454 hoc
1533 2413 1559 2476 ¹a
1574 2413 1650 2477 pro-

372 2515 465 2556 cessu
489 2493 654 2580 superiore
688 2515 803 2580 parum
839 2506 968 2576 remoto
1004 2496 1056 2579 ita,
1092 2513 1126 2558 ut
1149 2495 1250 2562 latere
1280 2498 1439 2562 exteriore
1463 2499 1555 2561 visus
1579 2497 1650 2562 basi

372 2601 553 2684 marginem
577 2601 775 2687 superiorem
798 2603 900 2688 partis
924 2601 1045 2665 tibialis
1070 2603 1209 2687 attingat
1231 2615 1263 2667 et
1286 2627 1370 2690 apex
1397 2605 1467 2668 eius
1491 2605 1532 2669 ab
1557 2605 1650 2691 apice

371 2729 541 2794 processus
565 2707 729 2772 inferioris
752 2707 849 2794 triplo
873 2719 903 2772 et
926 2707 1062 2773 dimidio
1085 2708 1213 2795 longius
1238 2709 1336 2776 distet
1358 2733 1454 2798 quam
1490 2711 1531 2775 ab
1556 2713 1651 2798 apice

372 2835 541 2900 processus
565 2815 747 2900 superioris.
772 2815 890 2898 Fores„
914 2839 995 2902 quae
1017 2837 1204 2902 processum
1230 2819 1423 2883 exteriorem
1448 2822 1650 2906 asuperiore

372 2921 551 3006 distinguit,
576 2920 676 2984 multo
700 2923 807 2984 minus
829 2922 993 3009 profunda
1016 2945 1111 3009 quam
1137 2923 1170 2988 in
1193 2925 1366 3012 prioribus,
1389 2927 1443 3010 ita
1468 2941 1503 2990 ut
1517 2949 1650 3013 proces-

372 3049 426 3090 sus
450 3028 596 3114 superior
619 3049 681 3090 nou
700 3028 811 3093 subter
831 3028 885 3093 sed
904 3031 935 3092 in
954 3029 1054 3094 latere
1078 3034 1238 3098 exteriore
1262 3046 1440 3097 excavatus
1456 3035 1510 3116 sit3
1536 3056 1649 3120 margo

372 3136 518 3220 superior
540 3157 710 3220 processus
734 3137 909 3222 superioris
932 3149 1048 3220 rectus,
1073 3140 1200 3202 anticus
1217 3161 1290 3202 cum
1307 3139 1460 3204 inferiore
1484 3141 1516 3202 in
1535 3162 1650 3204 arcum

372 3253 421 3304 sat
445 3241 645 3328 aequabilem
669 3243 842 3313 coniuncti,
865 3265 963 3328 quum
982 3266 1000 3306 a
1017 3241 1116 3307 latere
1140 3246 1300 3309 exteriore
1323 3245 1504 3332 adspicitur
1522 3245 1649 3333 palpus.

372 3347 506 3434 Apicem
532 3370 646 3410 versus
669 3348 796 3412 modice
820 3348 923 3412 solum
948 3349 1102 3437 ampliata
1126 3362 1272 3438 estpars
1295 3351 1425 3436 tibialis,
1449 3353 1582 3416 circitor
1608 3353 1647 3434 'lg

371 3453 497 3538 longior
520 3477 615 3540 quam
641 3456 732 3542 apice
756 3454 833 3538 altu3
868 3479 1038 3543 processus
1071 3457 1206 3522 inferior
1229 3481 1292 3522 non
1317 3457 1445 3543 longius
1469 3459 1648 3546 productus

371 3583 467 3648 quam
491 3562 645 3648 superior,
669 3562 781 3626 subtor
796 3564 891 3626 <lente
907 3563 983 3627 forti
999 3575 1140 3630 ornatus,
1164 3563 1314 3652 Exempli
1338 3566 1435 3649 unici.
1459 3565 1544 3630 dono
1568 3566 1649 3630 mihi

371 3668 512 3754 benigno
536 3691 555 3732 a
578 3667 657 3732 Rev,
681 3669 718 3734 Ο.
741 3670 777 3733 Ρ.
802 3669 1082 3756 Oombridgco
1106 3672 1188 3756 dato,
1212 3671 1462 3759 cephalotborax
1484 3674 1557 3738 1¹26
1574 3695 1649 3739 mm.

371 3774 496 3860 longus,
530 3798 606 3862 pars
629 3775 794 3863 patellaris
818 3777 891 3842 0·48
926 3776 1032 3862 longa⁷
1066 3778 1187 3843 tibialis
1219 3780 1293 3844 ObO
1317 3777 1423 3863 longa
1458 3780 1550 3867 apice
1573 3781 1648 3845 Odi)

371 3881 444 3966 alta,
469 3882 589 3946 lamina
612 3881 742 3947 tarsalis
765 3885 840 3948 052
864 3882 969 3969 longa.

478 3991 650 4074 Eiipoiiuc:
669 3991 893 4074 psychropbilo
916 3990 1022 4078 Thou,
1047 3995 1200 4057 tirolensis
1223 3995 1260 4058 L.
1277 3993 1380 4078 Koch,
1405 3996 1648 4080 cristatopulpua

372 4097 408 4160 ll.
432 4095 520 4180 Sim,
544 4100 738 4161 terimam-uus
774 4097 810 4162 ll.
834 4099 911 4164 Sim.
936 4097 1061 4162 fabrica
1094 4100 1195 4186 partis
1219 4099 1340 4165 tibialis
1368 4099 1539 4188 palporum
1563 4101 1648 4166 inter

372 4225 406 4267 se
428 4202 523 4266 valde
548 4203 669 4268 similes
694 4215 776 4287 sunt.
799 4227 953 4290 processu
978 4207 1135 4270 exteriore
1158 4206 1330 4294 deplanato
1347 4208 1548 4272 conveniunt
1572 4229 1645 4271 cum

370 4309 548 4397 prioribus3
572 4331 742 4396 processus
767 4314 914 4398 superior
936 4333 1047 4375 earum
1072 4313 1187 4376 similis
1202 4323 1252 4378 est
1268 4313 1375 4400 alique
1399 4335 1440 4378 ex
1457 4327 1550 4402 parte
1573 4337 1646 4402 pro-

371 4418 476 4480 cessui
500 4417 706 4502 respondenti
731 4419 888 4502 Emporiae
906 4421 1119 4502 promiscuae:
1153 4421 1299 4504 margine
1334 4421 1493 4485 exteriore
1516 4420 1646 4508 oblique

371 4545 500 4588 sursum
524 4523 666 4589 directus
690 4526 724 4588 in
748 4523 847 4589 latere
871 4525 1031 4590 exteriore
1065 4527 1292 4613 potiusquam
1327 4529 1438 4592 subter
1468 4539 1645 4593 excavatus

371 4629 435 4694 (lici
458 4641 576 4717 potest3
610 4630 706 4695 valde
744 4632 883 4716 insignis
908 4643 1014 4696 autem
1039 4645 1087 4696 est
1111 4633 1164 4697 hic
1187 4656 1357 4721 processus
1381 4636 1529 4720 margine
1552 4657 1645 4722 supe·

370 4737 454 4800 riore
478 4737 635 4801 fissura
658 4741 787 4825 parva
811 4741 1012 4823 anguste,
1040 4738 1113 4826 plus
1142 4742 1291 4805 minusve
1314 4744 1502 4806 transversa
1525 4752 1644 4806 ornato.
