3658 5736
1372 565 1443 630 593

158 771 320 854 strictum3
352 771 562 837 semicellulis
593 773 664 840 basi
698 773 867 859 subrectis,
901 773 1032 860 angulis
1062 775 1213 840 omnibus
1248 775 1438 863 rotundatis,

157 876 315 942 lateribus
331 877 401 944 fere
416 879 524 964 rectis,
547 879 642 944 dorso
657 891 821 962 truncat03
844 881 1064 946 semicellulae
1086 904 1104 946 e
1128 883 1251 948 vertice
1274 894 1439 970 spectatae

156 983 343 1050 lenticulari
366 985 528 1072 ellipticae
551 986 659 1053 madio
676 987 827 1073 utrinque
843 989 1067 1075 prominentiis
1091 989 1176 1053 binis
1193 1000 1333 1075 ornatae,
1357 989 1439 1055 ela

155 1105 224 1156 tere
256 1092 347 1157 visae
377 1092 563 1159 circulares.
597 1093 788 1159 Membrana
818 1095 965 1159 verrucis
994 1095 1106 1182 parvis
1137 1097 1242 1160 acutis
1273 1097 1306 1162 in
1337 1099 1437 1162 series

156 1198 332 1264 verticales
355 1199 521 1287 dispositis
544 1211 666 1266 ornata.
688 1201 856 1265 Verrucae
877 1203 913 1266 in
936 1203 1139 1287 marginibus
1154 1201 1343 1268 lateralibus
1366 1226 1436 1267 ma-

154 1308 249 1390 iores,
273 1308 307 1371 in
331 1308 479 1392 margine
502 1306 622 1394 apicali
645 1318 753 1373 antem
777 1309 927 1373 minores.
950 1307 1151 1397 Pyrenoidos
1175 1307 1306 1394 singuli.

261 1416 364 1500 Long.
381 1443 424 1472 =
442 1415 664 1503 resp-lut
675 1441 704 1502 μἼ
728 1415 782 1480 lat.
799 1444 841 1472 =
859 1417 1120 1504 unp-lom„
1143 1414 1197 1480 lat.
1220 1415 1293 1480 isth.
1310 1445 1353 1474 =
1369 1417 1430 1504 δ’μ.

264 1523 459 1586 Cosmariam
482 1522 704 1587 ortbosticbam
726 1521 842 1607 Laud,
865 1522 977 1588 Desm.
1000 1521 1094 1588 Suae.
1117 1544 1190 1609 pag.
1214 1524 1266 1587 24.
1290 1522 1367 1587 Tab.
1390 1523 1439 1609 II,¹

152 1628 206 1715 fig.
231 1633 261 1695 9.
285 1639 317 1694 et
342 1630 401 1714 10.‚
424 1640 519 1716 atque
539 1630 733 1694 Cosmariam
748 1651 906 1714 creperum
922 1628 1024 1712 West,
1046 1628 1116 1694 The
1132 1627 1309 1694 Freshwat
1325 1628 1430 1716 Algae

152 1737 191 1801 of
209 1735 427 1821 Madagasoar
455 1758 528 1826 pag.
553 1739 607 1822 63,
639 1735 717 1800 Tab.
741 1735 817 1821 vn,
847 1735 900 1821 lig.
926 1737 975 1799 11.
1008 1735 1127 1824 speciei
1159 1745 1287 1801 nostrae
1318 1735 1432 1802 affinia

152 1855 238 1928 sunt,
262 1843 319 1908 sed
342 1844 468 1931 species
491 1855 567 1908 ante
591 1843 689 1908 citata
713 1842 969 1908 dimensionibus
993 1852 1025 1906 et
1040 1852 1173 1930 aspectu
1195 1842 1353 1929 verticali‚
1375 1866 1435 1932 po·

152 1951 273 2014 sterius
303 1951 403 2014 citata
434 1961 544 2015 autem
575 1948 692 2014 iisdem
716 1949 813 2015 rebus
838 1959 933 2036 atque
956 1948 1191 2040 pyrenoidibus
1223 1948 1309 2014 binis
1332 1949 1429 2015 valde

151 2057 285 2122 diversa
307 2061 365 2122 est.

260 2165 358 2230 Habe
383 2164 474 2230 Sitvs
496 2164 683 2250 Tjibenong
705 2185 751 2248 pr.
775 2163 889 2247 Bogor.
964 2175 968 2184 “

151 2273 169 2308 ³
187 2272 239 2337 73.
266 2275 298 2336 C.
309 2272 553 2356 pacbydemnam
568 2269 682 2353 hund,
703 2269 807 2336 Klebs
823 2271 872 2354 Ga,
888 2273 999 2336 Desm.
1012 2270 1120 2358 Ostpr.
1136 2271 1215 2337 Tab.
1231 2271 1362 2357 111‚fig.
1378 2273 1433 2339 38.

259 2377 357 2443 Heba
382 2377 473 2444 Sitve
495 2377 682 2464 Tjibenong
703 2401 751 2464 pr.
775 2379 889 2462 Bogor.

149 2487 238 2566 ·;-74.
267 2487 299 2551 0.
324 2486 576 2570 traoltyplearam
599 2484 715 2568 Lund,
738 2486 851 2549 Desm
868 2485 961 2552 Suec.
982 2507 1052 2571 pag.
1069 2486 1121 2568 27,
1144 2483 1222 2550 Tab.
1238 2485 1282 2570 ΙΙ,
1305 2485 1358 2572 fig.
1377 2487 1427 2553 12.

256 2613 325 2656 var.
349 2593 545 2659 Nordatedtii
567 2615 642 2656 nov.
665 2613 732 2656 var.
757 2591 846 2659 lab.
870 2591 1072 2676 XXXVIII,
1095 2591 1149 2678 fig.
1175 2591 1236 2660 38.

257 2699 408 2764 Varietas
431 2709 510 2787 typo
534 2700 651 2781 minor3
683 2697 779 2786 paulo
803 2697 931 2782 longior
961 2721 1058 2784 quam
1089 2698 1192 2780 latior,
1223 2698 1330 2765 medio
1354 2701 1428 2765 sinn

149 2807 383 2890 angustissimo
405 2805 520 2871 lineari
543 2806 631 2870 intus
655 2805 809 2892 ampliato
840 2805 881 2870 ad
906 2807 947 2889 ΒΛ
971 2816 1080 2893 partes
1111 2807 1331 2872 constrictum.
1370 2807 1427 2874 Se·

148 2911 335 2978 misellulae
358 2913 623 2995 subreniformes,
645 2911 775 2997 angulis
798 2911 1009 2976 inferioribus
1031 2912 1130 2977 rectis
1153 2911 1276 2978 idcirco
1302 2913 1344 2978 ad
1367 2913 1425 2979 ba-

148 3021 210 3083 sim
227 3030 344 3102 rectae,
368 3019 476 3084 medio
493 3019 588 3084 dorso
603 3029 773 3084 truncatae
797 3029 829 3084 et
851 3018 967 3103 nudae,
991 3019 1025 3082 in
1049 3020 1196 3105 margine
1218 3030 1353 3106 utroque
1376 3020 1424 3086 la-

147 3125 241 3190 terali
266 3136 298 3190 et
320 3127 407 3190 intra
430 3149 504 3191 eum
528 3128 675 3191 verrucis
698 3127 803 3192 acutis
828 3126 949 3190 conicis
965 3127 1000 3190 in
1017 3128 1117 3190 series
1132 3125 1352 3212 periphericas
1375 3126 1426 3191 di-

148 3235 277 3318 spositis
301 3233 443 3316 munitis,
467 3235 553 3298 intra
576 3234 758 3319 marginem
782 3232 944 3297 dorsalem
967 3235 1115 3298 verrucis
1138 3232 1239 3296 nullis
1262 3244 1318 3297 aut
1335 3236 1357 3298 4
1372 3256 1425 3298 ro-

147 3340 301 3404 tundatis.
341 3340 496 3407 Centrum
529 3341 785 3426 uniuscuiusque
816 3339 1036 3406 semicellulae
1067 3341 1215 3405 verrucis
1239 3343 1257 3406 'l
1282 3342 1315 3422 (6
1339 3341 1425 3428 peri-

147 3446 297 3534 pheriois
322 3451 339 3511 l
358 3447 508 3532 centrali)
532 3448 667 3533 magnis,
690 3446 957 3534 hemisphaericis
973 3457 1005 3511 et
1021 3447 1149 3532 punctis
1163 3447 1250 3510 inter
1264 3469 1419 3512 verrucas

147 3565 305 3638 ornatum,
329 3566 384 3619 aut
400 3555 530 3642 punctis
546 3576 687 3619 carrens.
711 3553 938 3620 Semicellulae
962 3554 1121 3618 avertice
1144 3555 1233 3619 visae
1256 3552 1427 3640 ellipticae,

147 3662 254 3726 medio
285 3662 436 3749 utrinque
460 3661 607 3726 verrucis
639 3661 740 3726 ternis
771 3659 824 3725 vel
848 3661 1014 3746 quaternis
1038 3659 1303 3749 hemisphaerIcis
1333 3661 1421 3726 intus

147 3770 315 3834 excavatis
343 3779 483 3853 ornatae,
512 3769 599 3832 intra
629 3768 810 3853 marginem
842 3765 1029 3832 medianum
1059 3765 1184 3832 eisdem
1214 3767 1362 3832 verrucis
1399 3777 1432 3831 et

146 3889 319 3962 utrumque
342 3875 452 3962 polum
477 3898 592 3941 versus
615 3876 763 3941 verrucis
787 3876 891 3939 acutis
913 3876 1100 3957 instructae,
1130 3875 1164 3937 in
1189 3886 1300 3939 centro
1323 3874 1426 3939 subti-

146 3981 270 4047 lissime
294 3993 474 4069 punctatae.
499 3982 700 4071 Pyrenoides
725 3983 759 4045 in
782 4003 976 4068 unaquaque
1000 3979 1200 4045 semicellula
1223 3980 1301 4045 bini.

251 4090 661 4178 Long.=33p-3Ip„
685 4089 738 4154 lat.
763 4111 790 4154 c.
814 4087 956 4153 acal:
974 4088 1347 4176 asp-elp-eep„
1370 4086 1424 4152 lat

359 4221 382 4261 s.
407 4220 453 4261 ac.
470 4226 513 4254 =
530 4199 607 4285 24μ
630 4235 664 4244 -
681 4198 757 4262 26‘4
767 4221 797 4284 μ,
821 4194 874 4260 lat.
898 4195 1144 4282 istl1.=8·8p.;
1169 4216 1265 4258 crass,
1290 4193 1361 4258 oell.
1379 4221 1422 4252 =

364 4306 475 4391 18¹8p.

252 4413 383 4498 Atypo
406 4413 548 4477 varietas
572 4422 682 4476 nostra
705 4409 813 4475 differt
837 4407 1094 4473 dimensionibus
1117 4409 1307 4492 minoribns,
1333 4430 1419 4472 mar-

143 4520 219 4605 gine
243 4518 346 4584 basoli
370 4517 646 4584 semicellularum
662 4528 760 4601 recte,
783 4515 914 4603 angulis
930 4514 1140 4580 inferioribus
1156 4537 1219 4579 non
1237 4513 1419 4579 rotundatis

143 4624 199 4690 sed
223 4627 323 4691 rectis
354 4636 386 4690 et
409 4625 522 4691 aculeo
545 4624 716 4713 praeditis,
751 4623 898 4689 verrucis
928 4624 1015 4686 intra
1048 4623 1230 4706 marginem
1259 4619 1418 4708 apicalem

143 4730 243 4796 nullis
266 4731 321 4798 vel
345 4743 496 4818 quattuor
518 4730 715 4816 rotundatis,
739 4731 887 4795 verrucis
911 4728 953 4792 ad
977 4739 1149 4815 utrumque
1172 4728 1352 4814 marginem
1371 4726 1426 4790 'la-

143 4839 276 4903 teralem
302 4839 397 4904 senis.

1331 4961 1366 5013 20
