<?xml version="1.0" encoding="UTF-8"?>
<!DOCTYPE html PUBLIC "-//W3C//DTD XHTML 1.0 Transitional//EN"
    "http://www.w3.org/TR/xhtml1/DTD/xhtml1-transitional.dtd">
<html xmlns="http://www.w3.org/1999/xhtml" xml:lang="en" lang="en">
 <head>
  <title>
</title>
<meta http-equiv="Content-Type" content="text/html;charset=utf-8" />
  <meta name='ocr-system' content='tesseract 3.04.00' />
  <meta name='ocr-capabilities' content='ocr_page ocr_carea ocr_par ocr_line ocrx_word'/>
</head>
<body>
  <div class='ocr_page' id='page_1' title='image "./bulletininterna02przgoog_0663.png"; bbox 0 0 3664 5734; ppageno 0'>
   <div class='ocr_carea' id='block_1_1' title="bbox 386 480 452 546">
    <p class='ocr_par' dir='ltr' id='par_1_1' title="bbox 386 480 452 546">
     <span class='ocr_line' id='line_1_1' title="bbox 386 480 452 546; baseline -0.03 -1"><span class='ocrx_word' id='word_1_1' title='bbox 386 480 452 546; x_wconf 77' lang='lat' dir='ltr'><strong>ota</strong></span> 
     </span>
    </p>
   </div>
   <div class='ocr_carea' id='block_1_2' title="bbox 378 692 1751 4844">
    <p class='ocr_par' dir='ltr' id='par_1_2' title="bbox 382 692 1751 2600">
     <span class='ocr_line' id='line_1_2' title="bbox 385 692 1661 781; baseline 0.002 -24"><span class='ocrx_word' id='word_1_2' title='bbox 385 703 417 757; x_wconf 89' lang='lat' dir='ltr'><strong>et</strong></span> <span class='ocrx_word' id='word_1_3' title='bbox 441 692 548 779; x_wconf 89' lang='lat' dir='ltr'><strong>paullo</strong></span> <span class='ocrx_word' id='word_1_4' title='bbox 572 695 659 758; x_wconf 90' lang='lat' dir='ltr'><strong>intus</strong></span> <span class='ocrx_word' id='word_1_5' title='bbox 684 693 847 776; x_wconf 86' lang='lat' dir='ltr'><strong>directus),</strong></span> <span class='ocrx_word' id='word_1_6' title='bbox 882 693 1008 758; x_wconf 91' lang='lat' dir='ltr'><strong>modice</strong></span> <span class='ocrx_word' id='word_1_7' title='bbox 1043 693 1146 768; x_wconf 56' lang='lat' dir='ltr'><strong>latus,</strong></span> <span class='ocrx_word' id='word_1_8' title='bbox 1172 695 1266 781; x_wconf 91' lang='lat' dir='ltr'><strong>apice</strong></span> <span class='ocrx_word' id='word_1_9' title='bbox 1289 695 1433 779; x_wconf 89' lang='lat' dir='ltr'><strong>obtusus,</strong></span> <span class='ocrx_word' id='word_1_10' title='bbox 1472 695 1592 780; x_wconf 81' lang='lat' dir='ltr'>subter,</span> <span class='ocrx_word' id='word_1_11' title='bbox 1626 706 1661 760; x_wconf 92' lang='lat' dir='ltr'><strong>ut</strong></span> 
     </span>
     <span class='ocr_line' id='line_1_3' title="bbox 385 799 1661 888; baseline 0.002 -24"><span class='ocrx_word' id='word_1_12' title='bbox 385 799 526 886; x_wconf 86' lang='lat' dir='ltr'><strong>videtur,</strong></span> <span class='ocrx_word' id='word_1_13' title='bbox 549 823 713 887; x_wconf 89' lang='lat' dir='ltr'><strong>nunquam</strong></span> <span class='ocrx_word' id='word_1_14' title='bbox 737 800 834 865; x_wconf 90' lang='lat' dir='ltr'><strong>dente</strong></span> <span class='ocrx_word' id='word_1_15' title='bbox 858 800 925 865; x_wconf 94' lang='lat' dir='ltr'><strong>ullo</strong></span> <span class='ocrx_word' id='word_1_16' title='bbox 948 812 1094 882; x_wconf 84' lang='lat' dir='ltr'><strong>ornatus3</strong></span> <span class='ocrx_word' id='word_1_17' title='bbox 1125 822 1296 886; x_wconf 79' lang='lat' dir='ltr'><strong>processus</strong></span> <span class='ocrx_word' id='word_1_18' title='bbox 1328 803 1475 888; x_wconf 85' lang='lat' dir='ltr'><strong>superior</strong></span> <span class='ocrx_word' id='word_1_19' title='bbox 1496 801 1586 866; x_wconf 87' lang='lat' dir='ltr'><strong>infra</strong></span> <span class='ocrx_word' id='word_1_20' title='bbox 1610 824 1661 866; x_wconf 89' lang='lat' dir='ltr'><strong>ex·</strong></span> 
     </span>
     <span class='ocr_line' id='line_1_4' title="bbox 386 906 1661 995; baseline 0 -23"><span class='ocrx_word' id='word_1_21' title='bbox 386 918 526 991; x_wconf 81' lang='lat' dir='ltr'><strong>savatus,</strong></span> <span class='ocrx_word' id='word_1_22' title='bbox 550 929 648 994; x_wconf 89' lang='lat' dir='ltr'><strong>supra</strong></span> <span class='ocrx_word' id='word_1_23' title='bbox 672 929 847 990; x_wconf 86' lang='lat' dir='ltr'><strong>convexus,</strong></span> <span class='ocrx_word' id='word_1_24' title='bbox 871 930 970 994; x_wconf 92' lang='lat' dir='ltr'><strong>quum</strong></span> <span class='ocrx_word' id='word_1_25' title='bbox 996 929 1069 993; x_wconf 90' lang='lat' dir='ltr'><strong>pars</strong></span> <span class='ocrx_word' id='word_1_26' title='bbox 1093 906 1214 972; x_wconf 87' lang='lat' dir='ltr'><strong>tibialis</strong></span> <span class='ocrx_word' id='word_1_27' title='bbox 1239 906 1362 974; x_wconf 85' lang='lat' dir='ltr'><strong>directo</strong></span> <span class='ocrx_word' id='word_1_28' title='bbox 1387 908 1527 994; x_wconf 78' lang='lat' dir='ltr'><strong>desuper</strong></span> <span class='ocrx_word' id='word_1_29' title='bbox 1550 907 1661 995; x_wconf 89' lang='lat' dir='ltr'><strong>adspi-</strong></span> 
     </span>
     <span class='ocr_line' id='line_1_5' title="bbox 388 1013 1662 1102; baseline -0.002 -22"><span class='ocrx_word' id='word_1_30' title='bbox 388 1016 485 1081; x_wconf 84' lang='lat' dir='ltr'><strong>citur:</strong></span> <span class='ocrx_word' id='word_1_31' title='bbox 509 1014 639 1079; x_wconf 82' lang='lat' dir='ltr'><strong>dentem</strong></span> <span class='ocrx_word' id='word_1_32' title='bbox 664 1013 782 1078; x_wconf 86' lang='lat' dir='ltr'><strong>formet</strong></span> <span class='ocrx_word' id='word_1_33' title='bbox 805 1013 1036 1099; x_wconf 76' lang='lat' dir='ltr'><strong>triangularem</strong></span> <span class='ocrx_word' id='word_1_34' title='bbox 1060 1015 1216 1079; x_wconf 91' lang='lat' dir='ltr'><strong>mediocri</strong></span> <span class='ocrx_word' id='word_1_35' title='bbox 1247 1013 1428 1099; x_wconf 89' lang='lat' dir='ltr'><strong>latitudine,</strong></span> <span class='ocrx_word' id='word_1_36' title='bbox 1451 1016 1544 1102; x_wconf 86' lang='lat' dir='ltr'><strong>apice</strong></span> <span class='ocrx_word' id='word_1_37' title='bbox 1568 1014 1662 1080; x_wconf 88' lang='lat' dir='ltr'><strong>obtu-</strong></span> 
     </span>
     <span class='ocr_line' id='line_1_6' title="bbox 387 1120 1661 1209; baseline 0.001 -24"><span class='ocrx_word' id='word_1_38' title='bbox 387 1145 468 1206; x_wconf 90' lang='lat' dir='ltr'><strong>sum,</strong></span> <span class='ocrx_word' id='word_1_39' title='bbox 492 1123 651 1186; x_wconf 87' lang='lat' dir='ltr'><strong>anteriora</strong></span> <span class='ocrx_word' id='word_1_40' title='bbox 676 1143 790 1186; x_wconf 89' lang='lat' dir='ltr'><strong>versus</strong></span> <span class='ocrx_word' id='word_1_41' title='bbox 825 1133 856 1186; x_wconf 87' lang='lat' dir='ltr'><strong>et</strong></span> <span class='ocrx_word' id='word_1_42' title='bbox 878 1120 970 1209; x_wconf 91' lang='lat' dir='ltr'><strong>plus</strong></span> <span class='ocrx_word' id='word_1_43' title='bbox 1006 1124 1196 1186; x_wconf 87' lang='lat' dir='ltr'><strong>minusve</strong></span> <span class='ocrx_word' id='word_1_44' title='bbox 1232 1121 1319 1186; x_wconf 81' lang='lat' dir='ltr'><strong>foras</strong></span> <span class='ocrx_word' id='word_1_45' title='bbox 1356 1121 1525 1202; x_wconf 87' lang='lat' dir='ltr'><strong>directum,</strong></span> <span class='ocrx_word' id='word_1_46' title='bbox 1559 1121 1661 1186; x_wconf 87' lang='lat' dir='ltr'><strong>latere</strong></span> 
     </span>
     <span class='ocr_line' id='line_1_7' title="bbox 384 1227 1662 1315; baseline -0.002 -21"><span class='ocrx_word' id='word_1_47' title='bbox 384 1229 543 1294; x_wconf 84' lang='lat' dir='ltr'><strong>exteriore</strong></span> <span class='ocrx_word' id='word_1_48' title='bbox 578 1229 672 1292; x_wconf 87' lang='lat' dir='ltr'><strong>modo</strong></span> <span class='ocrx_word' id='word_1_49' title='bbox 706 1228 803 1315; x_wconf 91' lang='lat' dir='ltr'><strong>plane</strong></span> <span class='ocrx_word' id='word_1_50' title='bbox 826 1229 859 1292; x_wconf 94' lang='lat' dir='ltr'><strong>in</strong></span> <span class='ocrx_word' id='word_1_51' title='bbox 884 1227 1131 1314; x_wconf 83' lang='lat' dir='ltr'><strong>longitudinem,</strong></span> <span class='ocrx_word' id='word_1_52' title='bbox 1165 1227 1261 1292; x_wconf 90' lang='lat' dir='ltr'><strong>modo</strong></span> <span class='ocrx_word' id='word_1_53' title='bbox 1295 1231 1457 1294; x_wconf 86' lang='lat' dir='ltr'><strong>anteriora</strong></span> <span class='ocrx_word' id='word_1_54' title='bbox 1491 1241 1662 1294; x_wconf 78' lang='lat' dir='ltr'><strong>versaret</strong></span> 
     </span>
     <span class='ocr_line' id='line_1_8' title="bbox 385 1335 1751 1424; baseline -0.001 -24"><span class='ocrx_word' id='word_1_55' title='bbox 385 1336 492 1424; x_wconf 89' lang='lat' dir='ltr'><strong>paullo</strong></span> <span class='ocrx_word' id='word_1_56' title='bbox 516 1336 603 1400; x_wconf 85' lang='lat' dir='ltr'><strong>fores</strong></span> <span class='ocrx_word' id='word_1_57' title='bbox 628 1337 763 1416; x_wconf 84' lang='lat' dir='ltr'><strong>directo;</strong></span> <span class='ocrx_word' id='word_1_58' title='bbox 798 1335 921 1399; x_wconf 89' lang='lat' dir='ltr'><strong>directo</strong></span> <span class='ocrx_word' id='word_1_59' title='bbox 945 1359 964 1399; x_wconf 93' lang='lat' dir='ltr'><strong>a</strong></span> <span class='ocrx_word' id='word_1_60' title='bbox 987 1336 1086 1399; x_wconf 76' lang='lat' dir='ltr'><strong>latere</strong></span> <span class='ocrx_word' id='word_1_61' title='bbox 1110 1337 1270 1399; x_wconf 82' lang='lat' dir='ltr'><strong>exteriore</strong></span> <span class='ocrx_word' id='word_1_62' title='bbox 1296 1337 1387 1400; x_wconf 90' lang='lat' dir='ltr'><strong>visus</strong></span> <span class='ocrx_word' id='word_1_63' title='bbox 1411 1358 1583 1422; x_wconf 82' lang='lat' dir='ltr'><strong>processus</strong></span> <span class='ocrx_word' id='word_1_64' title='bbox 1607 1335 1662 1399; x_wconf 90' lang='lat' dir='ltr'><strong>hic</strong></span> <span class='ocrx_word' id='word_1_65' title='bbox 1748 1375 1751 1382; x_wconf 90' lang='lat'>·</span> 
     </span>
     <span class='ocr_line' id='line_1_9' title="bbox 386 1441 1662 1531; baseline -0.002 -22"><span class='ocrx_word' id='word_1_66' title='bbox 386 1445 477 1531; x_wconf 84' lang='lat' dir='ltr'><strong>epioe</strong></span> <span class='ocrx_word' id='word_1_67' title='bbox 500 1455 614 1508; x_wconf 89' lang='lat' dir='ltr'><strong>acutus</strong></span> <span class='ocrx_word' id='word_1_68' title='bbox 638 1453 694 1507; x_wconf 89' lang='lat' dir='ltr'><strong>est.</strong></span> <span class='ocrx_word' id='word_1_69' title='bbox 729 1443 905 1506; x_wconf 89' lang='lat' dir='ltr'><strong>Proeessus</strong></span> <span class='ocrx_word' id='word_1_70' title='bbox 939 1443 1074 1507; x_wconf 91' lang='lat' dir='ltr'><strong>interior</strong></span> <span class='ocrx_word' id='word_1_71' title='bbox 1110 1443 1155 1524; x_wconf 89' lang='lat' dir='ltr'><strong>(in</strong></span> <span class='ocrx_word' id='word_1_72' title='bbox 1185 1443 1284 1506; x_wconf 88' lang='lat' dir='ltr'><strong>latere</strong></span> <span class='ocrx_word' id='word_1_73' title='bbox 1319 1443 1471 1506; x_wconf 89' lang='lat' dir='ltr'><strong>interiore</strong></span> <span class='ocrx_word' id='word_1_74' title='bbox 1506 1441 1662 1508; x_wconf 88' lang='lat' dir='ltr'><strong>inferiore</strong></span> 
     </span>
     <span class='ocr_line' id='line_1_10' title="bbox 385 1549 1661 1638; baseline -0.003 -22"><span class='ocrx_word' id='word_1_75' title='bbox 385 1553 481 1638; x_wconf 88' lang='lat' dir='ltr'><strong>citus)</strong></span> <span class='ocrx_word' id='word_1_76' title='bbox 505 1552 585 1614; x_wconf 91' lang='lat' dir='ltr'><strong>dens</strong></span> <span class='ocrx_word' id='word_1_77' title='bbox 608 1561 656 1614; x_wconf 90' lang='lat' dir='ltr'><strong>cst</strong></span> <span class='ocrx_word' id='word_1_78' title='bbox 679 1549 785 1614; x_wconf 90' lang='lat' dir='ltr'><strong>minor</strong></span> <span class='ocrx_word' id='word_1_79' title='bbox 808 1571 905 1636; x_wconf 90' lang='lat' dir='ltr'><strong>quam</strong></span> <span class='ocrx_word' id='word_1_80' title='bbox 928 1571 1098 1634; x_wconf 78' lang='lat' dir='ltr'><strong>processus</strong></span> <span class='ocrx_word' id='word_1_81' title='bbox 1121 1549 1258 1614; x_wconf 87' lang='lat' dir='ltr'><strong>inferior</strong></span> <span class='ocrx_word' id='word_1_82' title='bbox 1280 1561 1311 1613; x_wconf 85' lang='lat' dir='ltr'><strong>et</strong></span> <span class='ocrx_word' id='word_1_83' title='bbox 1335 1550 1490 1635; x_wconf 76' lang='lat' dir='ltr'><strong>superior,</strong></span> <span class='ocrx_word' id='word_1_84' title='bbox 1513 1550 1661 1635; x_wconf 86' lang='lat' dir='ltr'><strong>triangu-</strong></span> 
     </span>
     <span class='ocr_line' id='line_1_11' title="bbox 385 1656 1663 1743; baseline -0.001 -21"><span class='ocrx_word' id='word_1_85' title='bbox 385 1658 472 1743; x_wconf 81' lang='lat' dir='ltr'><strong>laris,</strong></span> <span class='ocrx_word' id='word_1_86' title='bbox 496 1656 745 1740; x_wconf 86' lang='lat' dir='ltr'><strong>0btusiusculus,</strong></span> <span class='ocrx_word' id='word_1_87' title='bbox 781 1658 943 1721; x_wconf 90' lang='lat' dir='ltr'><strong>anteriora</strong></span> <span class='ocrx_word' id='word_1_88' title='bbox 978 1679 1092 1720; x_wconf 87' lang='lat' dir='ltr'><strong>versus</strong></span> <span class='ocrx_word' id='word_1_89' title='bbox 1117 1667 1149 1721; x_wconf 91' lang='lat' dir='ltr'><strong>et</strong></span> <span class='ocrx_word' id='word_1_90' title='bbox 1172 1656 1324 1720; x_wconf 88' lang='lat' dir='ltr'><strong>deorsum</strong></span> <span class='ocrx_word' id='word_1_91' title='bbox 1348 1656 1501 1722; x_wconf 90' lang='lat' dir='ltr'><strong>directus.</strong></span> <span class='ocrx_word' id='word_1_92' title='bbox 1528 1659 1663 1721; x_wconf 88' lang='lat' dir='ltr'><strong>Proces-</strong></span> 
     </span>
     <span class='ocr_line' id='line_1_12' title="bbox 385 1763 1661 1850; baseline -0.002 -22"><span class='ocrx_word' id='word_1_93' title='bbox 385 1789 440 1829; x_wconf 90' lang='lat' dir='ltr'><strong>sus</strong></span> <span class='ocrx_word' id='word_1_94' title='bbox 465 1766 605 1830; x_wconf 84' lang='lat' dir='ltr'><strong>exterior</strong></span> <span class='ocrx_word' id='word_1_95' title='bbox 629 1787 648 1828; x_wconf 92' lang='lat' dir='ltr'><strong>a</strong></span> <span class='ocrx_word' id='word_1_96' title='bbox 670 1763 770 1828; x_wconf 87' lang='lat' dir='ltr'><strong>latere</strong></span> <span class='ocrx_word' id='word_1_97' title='bbox 805 1765 965 1829; x_wconf 83' lang='lat' dir='ltr'><strong>exteriore</strong></span> <span class='ocrx_word' id='word_1_98' title='bbox 999 1763 1180 1850; x_wconf 88' lang='lat' dir='ltr'><strong>adspectus,</strong></span> <span class='ocrx_word' id='word_1_99' title='bbox 1217 1763 1376 1850; x_wconf 88' lang='lat' dir='ltr'><strong>utrimque</strong></span> <span class='ocrx_word' id='word_1_100' title='bbox 1400 1764 1475 1827; x_wconf 92' lang='lat' dir='ltr'><strong>sinu</strong></span> <span class='ocrx_word' id='word_1_101' title='bbox 1499 1763 1661 1850; x_wconf 88' lang='lat' dir='ltr'><strong>profundo</strong></span> 
     </span>
     <span class='ocr_line' id='line_1_13' title="bbox 388 1869 1660 1958; baseline -0.003 -22"><span class='ocrx_word' id='word_1_102' title='bbox 388 1871 548 1956; x_wconf 88' lang='lat' dir='ltr'><strong>definitus,</strong></span> <span class='ocrx_word' id='word_1_103' title='bbox 572 1871 668 1958; x_wconf 92' lang='lat' dir='ltr'><strong>duplo</strong></span> <span class='ocrx_word' id='word_1_104' title='bbox 692 1872 822 1936; x_wconf 85' lang='lat' dir='ltr'><strong>circiter</strong></span> <span class='ocrx_word' id='word_1_105' title='bbox 845 1869 972 1955; x_wconf 77' lang='lat' dir='ltr'><strong>longius</strong></span> <span class='ocrx_word' id='word_1_106' title='bbox 1008 1870 1129 1935; x_wconf 90' lang='lat' dir='ltr'><strong>distare</strong></span> <span class='ocrx_word' id='word_1_107' title='bbox 1154 1869 1283 1934; x_wconf 86' lang='lat' dir='ltr'><strong>videtur</strong></span> <span class='ocrx_word' id='word_1_108' title='bbox 1306 1870 1347 1934; x_wconf 88' lang='lat' dir='ltr'><strong>ab</strong></span> <span class='ocrx_word' id='word_1_109' title='bbox 1371 1871 1464 1955; x_wconf 87' lang='lat' dir='ltr'><strong>apice</strong></span> <span class='ocrx_word' id='word_1_110' title='bbox 1488 1891 1660 1957; x_wconf 88' lang='lat' dir='ltr'><strong>processus</strong></span> 
     </span>
     <span class='ocr_line' id='line_1_14' title="bbox 384 1976 1660 2066; baseline 0 -24"><span class='ocrx_word' id='word_1_111' title='bbox 384 1977 549 2042; x_wconf 87' lang='lat' dir='ltr'><strong>inferioris</strong></span> <span class='ocrx_word' id='word_1_112' title='bbox 572 2000 668 2066; x_wconf 91' lang='lat' dir='ltr'><strong>quam</strong></span> <span class='ocrx_word' id='word_1_113' title='bbox 692 1978 732 2042; x_wconf 89' lang='lat' dir='ltr'><strong>ab</strong></span> <span class='ocrx_word' id='word_1_114' title='bbox 757 1979 850 2063; x_wconf 92' lang='lat' dir='ltr'><strong>apice</strong></span> <span class='ocrx_word' id='word_1_115' title='bbox 885 1980 1059 2063; x_wconf 86' lang='lat' dir='ltr'><strong>superioris</strong></span> <span class='ocrx_word' id='word_1_116' title='bbox 1082 1991 1114 2041; x_wconf 89' lang='lat' dir='ltr'><strong>et</strong></span> <span class='ocrx_word' id='word_1_117' title='bbox 1138 1976 1275 2041; x_wconf 86' lang='lat' dir='ltr'><strong>formam</strong></span> <span class='ocrx_word' id='word_1_118' title='bbox 1311 1977 1417 2041; x_wconf 88' lang='lat' dir='ltr'><strong>dentis</strong></span> <span class='ocrx_word' id='word_1_119' title='bbox 1449 1977 1569 2041; x_wconf 89' lang='lat' dir='ltr'><strong>habere</strong></span> <span class='ocrx_word' id='word_1_120' title='bbox 1592 1998 1660 2042; x_wconf 85' lang='lat' dir='ltr'><strong>me·</strong></span> 
     </span>
     <span class='ocr_line' id='line_1_15' title="bbox 385 2083 1660 2171; baseline -0.002 -21"><span class='ocrx_word' id='word_1_121' title='bbox 385 2085 487 2150; x_wconf 91' lang='lat' dir='ltr'><strong>dioeri</strong></span> <span class='ocrx_word' id='word_1_122' title='bbox 513 2085 723 2171; x_wconf 86' lang='lat' dir='ltr'><strong>longitudine,</strong></span> <span class='ocrx_word' id='word_1_123' title='bbox 747 2085 965 2170; x_wconf 83' lang='lat' dir='ltr'><strong>triangularis,</strong></span> <span class='ocrx_word' id='word_1_124' title='bbox 989 2086 1078 2162; x_wconf 83' lang='lat' dir='ltr'><strong>recti,</strong></span> <span class='ocrx_word' id='word_1_125' title='bbox 1104 2083 1310 2148; x_wconf 89' lang='lat' dir='ltr'><strong>mediocriter</strong></span> <span class='ocrx_word' id='word_1_126' title='bbox 1332 2084 1475 2168; x_wconf 87' lang='lat' dir='ltr'><strong>gracilis,</strong></span> <span class='ocrx_word' id='word_1_127' title='bbox 1499 2085 1660 2169; x_wconf 91' lang='lat' dir='ltr'><strong>subacuti,</strong></span> 
     </span>
     <span class='ocr_line' id='line_1_16' title="bbox 385 2190 1660 2278; baseline -0.002 -22"><span class='ocrx_word' id='word_1_128' title='bbox 385 2193 547 2258; x_wconf 87' lang='lat' dir='ltr'><strong>anteriora</strong></span> <span class='ocrx_word' id='word_1_129' title='bbox 581 2215 694 2257; x_wconf 89' lang='lat' dir='ltr'><strong>versus</strong></span> <span class='ocrx_word' id='word_1_130' title='bbox 718 2206 749 2256; x_wconf 90' lang='lat' dir='ltr'><strong>et</strong></span> <span class='ocrx_word' id='word_1_131' title='bbox 772 2190 881 2278; x_wconf 85' lang='lat' dir='ltr'><strong>paullo</strong></span> <span class='ocrx_word' id='word_1_132' title='bbox 905 2191 1054 2256; x_wconf 89' lang='lat' dir='ltr'><strong>deorsum</strong></span> <span class='ocrx_word' id='word_1_133' title='bbox 1080 2191 1208 2272; x_wconf 79' lang='lat' dir='ltr'><strong>directi3</strong></span> <span class='ocrx_word' id='word_1_134' title='bbox 1240 2195 1356 2256; x_wconf 75' lang='lat' dir='ltr'><strong>revera</strong></span> <span class='ocrx_word' id='word_1_135' title='bbox 1378 2190 1459 2254; x_wconf 89' lang='lat' dir='ltr'><strong>dens</strong></span> <span class='ocrx_word' id='word_1_136' title='bbox 1484 2191 1537 2254; x_wconf 91' lang='lat' dir='ltr'><strong>hic</strong></span> <span class='ocrx_word' id='word_1_137' title='bbox 1563 2190 1660 2255; x_wconf 88' lang='lat' dir='ltr'><strong>desu-</strong></span> 
     </span>
     <span class='ocr_line' id='line_1_17' title="bbox 383 2296 1658 2386; baseline -0.002 -22"><span class='ocrx_word' id='word_1_138' title='bbox 383 2315 494 2386; x_wconf 89' lang='lat' dir='ltr'><strong>peret</strong></span> <span class='ocrx_word' id='word_1_139' title='bbox 517 2312 648 2386; x_wconf 86' lang='lat' dir='ltr'><strong>aparte</strong></span> <span class='ocrx_word' id='word_1_140' title='bbox 680 2297 833 2364; x_wconf 86' lang='lat' dir='ltr'><strong>inferiore</strong></span> <span class='ocrx_word' id='word_1_141' title='bbox 861 2297 1051 2386; x_wconf 90' lang='lat' dir='ltr'><strong>deplanatus</strong></span> <span class='ocrx_word' id='word_1_142' title='bbox 1086 2297 1248 2363; x_wconf 90' lang='lat' dir='ltr'><strong>lamellam</strong></span> <span class='ocrx_word' id='word_1_143' title='bbox 1284 2297 1402 2361; x_wconf 89' lang='lat' dir='ltr'><strong>format</strong></span> <span class='ocrx_word' id='word_1_144' title='bbox 1434 2296 1658 2376; x_wconf 69' lang='lat' dir='ltr'><strong>sublimatam,</strong></span> 
     </span>
     <span class='ocr_line' id='line_1_18' title="bbox 384 2403 1660 2493; baseline 0 -23"><span class='ocrx_word' id='word_1_145' title='bbox 384 2409 475 2493; x_wconf 88' lang='lat' dir='ltr'><strong>apice</strong></span> <span class='ocrx_word' id='word_1_146' title='bbox 500 2419 684 2472; x_wconf 84' lang='lat' dir='ltr'><strong>transverse</strong></span> <span class='ocrx_word' id='word_1_147' title='bbox 708 2417 889 2470; x_wconf 87' lang='lat' dir='ltr'><strong>truncatam</strong></span> <span class='ocrx_word' id='word_1_148' title='bbox 914 2417 945 2470; x_wconf 89' lang='lat' dir='ltr'><strong>et</strong></span> <span class='ocrx_word' id='word_1_149' title='bbox 968 2405 1077 2493; x_wconf 90' lang='lat' dir='ltr'><strong>paullo</strong></span> <span class='ocrx_word' id='word_1_150' title='bbox 1101 2407 1335 2489; x_wconf 84' lang='lat' dir='ltr'><strong>emarginatam</strong></span> <span class='ocrx_word' id='word_1_151' title='bbox 1358 2405 1412 2487; x_wconf 85' lang='lat' dir='ltr'><strong>ita,</strong></span> <span class='ocrx_word' id='word_1_152' title='bbox 1437 2407 1529 2468; x_wconf 91' lang='lat' dir='ltr'><strong>utin</strong></span> <span class='ocrx_word' id='word_1_153' title='bbox 1554 2403 1660 2470; x_wconf 87' lang='lat' dir='ltr'><strong>denti·</strong></span> 
     </span>
     <span class='ocr_line' id='line_1_19' title="bbox 382 2513 1231 2600; baseline -0.001 -23"><span class='ocrx_word' id='word_1_154' title='bbox 382 2513 472 2578; x_wconf 89' lang='lat' dir='ltr'><strong>eulos</strong></span> <span class='ocrx_word' id='word_1_155' title='bbox 496 2514 576 2578; x_wconf 76' lang='lat' dir='ltr'><strong>aluos</strong></span> <span class='ocrx_word' id='word_1_156' title='bbox 600 2514 735 2598; x_wconf 89' lang='lat' dir='ltr'><strong>desinat,</strong></span> <span class='ocrx_word' id='word_1_157' title='bbox 758 2535 857 2599; x_wconf 90' lang='lat' dir='ltr'><strong>quum</strong></span> <span class='ocrx_word' id='word_1_158' title='bbox 882 2513 1021 2600; x_wconf 91' lang='lat' dir='ltr'><strong>desuper</strong></span> <span class='ocrx_word' id='word_1_159' title='bbox 1044 2513 1231 2599; x_wconf 84' lang='lat' dir='ltr'><strong>adspicitur.</strong></span> 
     </span>
    </p>

    <p class='ocr_par' dir='ltr' id='par_1_3' title="bbox 378 2619 1660 4414">
     <span class='ocr_line' id='line_1_20' title="bbox 488 2619 1660 2709; baseline -0.002 -24"><span class='ocrx_word' id='word_1_160' title='bbox 488 2622 624 2708; x_wconf 67' lang='lat' dir='ltr'><strong>Erigone</strong></span> <span class='ocrx_word' id='word_1_161' title='bbox 647 2623 763 2685; x_wconf 82' lang='lat' dir='ltr'><strong>cretico</strong></span> <span class='ocrx_word' id='word_1_162' title='bbox 786 2620 921 2700; x_wconf 86' lang='lat' dir='ltr'><strong>(White)</strong></span> <span class='ocrx_word' id='word_1_163' title='bbox 956 2619 994 2686; x_wconf 92' lang='lat' dir='ltr'><strong>O.</strong></span> <span class='ocrx_word' id='word_1_164' title='bbox 1017 2621 1054 2684; x_wconf 93' lang='lat' dir='ltr'><strong>P.</strong></span> <span class='ocrx_word' id='word_1_165' title='bbox 1077 2619 1252 2704; x_wconf 77' lang='lat' dir='ltr'><strong>Gambr,</strong></span> <span class='ocrx_word' id='word_1_166' title='bbox 1287 2621 1406 2709; x_wconf 82' lang='lat' dir='ltr'><strong>typica,</strong></span> <span class='ocrx_word' id='word_1_167' title='bbox 1430 2642 1512 2706; x_wconf 85' lang='lat' dir='ltr'><strong>quae</strong></span> <span class='ocrx_word' id='word_1_168' title='bbox 1535 2622 1660 2684; x_wconf 70' lang='lat' dir='ltr'><strong>statura</strong></span> 
     </span>
     <span class='ocr_line' id='line_1_21' title="bbox 382 2726 1659 2814; baseline 0 -24"><span class='ocrx_word' id='word_1_169' title='bbox 382 2727 517 2792; x_wconf 87' lang='lat' dir='ltr'><strong>fortasse</strong></span> <span class='ocrx_word' id='word_1_170' title='bbox 546 2738 731 2791; x_wconf 85' lang='lat' dir='ltr'><strong>constanter</strong></span> <span class='ocrx_word' id='word_1_171' title='bbox 764 2726 913 2814; x_wconf 86' lang='lat' dir='ltr'><strong>exempla</strong></span> <span class='ocrx_word' id='word_1_172' title='bbox 951 2729 1094 2791; x_wconf 88' lang='lat' dir='ltr'><strong>maxima</strong></span> <span class='ocrx_word' id='word_1_173' title='bbox 1125 2728 1282 2814; x_wconf 71' lang='lat' dir='ltr'><strong>Erigonae</strong></span> <span class='ocrx_word' id='word_1_174' title='bbox 1315 2729 1504 2813; x_wconf 74' lang='lat' dir='ltr'><strong>lortpipalpis</strong></span> <span class='ocrx_word' id='word_1_175' title='bbox 1533 2737 1659 2813; x_wconf 83' lang='lat' dir='ltr'><strong>aequat,</strong></span> 
     </span>
     <span class='ocr_line' id='line_1_22' title="bbox 381 2832 1659 2922; baseline -0.002 -24"><span class='ocrx_word' id='word_1_176' title='bbox 381 2833 478 2898; x_wconf 84' lang='lat' dir='ltr'><strong>valde</strong></span> <span class='ocrx_word' id='word_1_177' title='bbox 502 2833 617 2898; x_wconf 88' lang='lat' dir='ltr'><strong>similis</strong></span> <span class='ocrx_word' id='word_1_178' title='bbox 640 2845 688 2897; x_wconf 91' lang='lat' dir='ltr'><strong>est</strong></span> <span class='ocrx_word' id='word_1_179' title='bbox 712 2834 751 2897; x_wconf 89' lang='lat' dir='ltr'><strong>ad</strong></span> <span class='ocrx_word' id='word_1_180' title='bbox 777 2832 914 2898; x_wconf 86' lang='lat' dir='ltr'><strong>formam</strong></span> <span class='ocrx_word' id='word_1_181' title='bbox 937 2836 1038 2922; x_wconf 90' lang='lat' dir='ltr'><strong>partis</strong></span> <span class='ocrx_word' id='word_1_182' title='bbox 1062 2833 1184 2900; x_wconf 86' lang='lat' dir='ltr'><strong>tibialis</strong></span> <span class='ocrx_word' id='word_1_183' title='bbox 1208 2833 1272 2920; x_wconf 88' lang='lat' dir='ltr'><strong>(fig.</strong></span> <span class='ocrx_word' id='word_1_184' title='bbox 1288 2835 1319 2918; x_wconf 77' lang='lat'><strong>4,</strong></span> <span class='ocrx_word' id='word_1_185' title='bbox 1335 2836 1391 2914; x_wconf 77' lang='lat'><strong>20)</strong></span> <span class='ocrx_word' id='word_1_186' title='bbox 1415 2833 1574 2919; x_wconf 88' lang='lat' dir='ltr'><strong>exemplis</strong></span> <span class='ocrx_word' id='word_1_187' title='bbox 1598 2833 1659 2897; x_wconf 88' lang='lat' dir='ltr'><strong>mi·</strong></span> 
     </span>
     <span class='ocr_line' id='line_1_23' title="bbox 382 2939 1659 3028; baseline 0 -24"><span class='ocrx_word' id='word_1_188' title='bbox 382 2940 515 3004; x_wconf 85' lang='lat' dir='ltr'><strong>neribus</strong></span> <span class='ocrx_word' id='word_1_189' title='bbox 538 2939 635 3005; x_wconf 92' lang='lat' dir='ltr'><strong>huius</strong></span> <span class='ocrx_word' id='word_1_190' title='bbox 659 2941 787 3028; x_wconf 89' lang='lat' dir='ltr'><strong>speciei.</strong></span> <span class='ocrx_word' id='word_1_191' title='bbox 824 2941 862 3005; x_wconf 91' lang='lat' dir='ltr'><strong>In</strong></span> <span class='ocrx_word' id='word_1_192' title='bbox 887 2940 1035 3027; x_wconf 88' lang='lat' dir='ltr'><strong>exemplo</strong></span> <span class='ocrx_word' id='word_1_193' title='bbox 1074 2939 1434 3028; x_wconf 84' lang='lat' dir='ltr'><strong>cephalothorace1·4&#39;l</strong></span> <span class='ocrx_word' id='word_1_194' title='bbox 1460 2963 1534 3003; x_wconf 90' lang='lat' dir='ltr'><strong>mm.</strong></span> <span class='ocrx_word' id='word_1_195' title='bbox 1565 2939 1659 3022; x_wconf 83' lang='lat' dir='ltr'><strong>longo</strong></span> 
     </span>
     <span class='ocr_line' id='line_1_24' title="bbox 384 3044 1659 3135; baseline 0 -25"><span class='ocrx_word' id='word_1_196' title='bbox 384 3057 492 3135; x_wconf 87' lang='lat' dir='ltr'><strong>patem</strong></span> <span class='ocrx_word' id='word_1_197' title='bbox 515 3047 702 3134; x_wconf 89' lang='lat' dir='ltr'><strong>patellarem</strong></span> <span class='ocrx_word' id='word_1_198' title='bbox 727 3049 799 3112; x_wconf 61' lang='lat'><strong>0167</strong></span> <span class='ocrx_word' id='word_1_199' title='bbox 826 3048 964 3133; x_wconf 89' lang='lat' dir='ltr'><strong>longam,</strong></span> <span class='ocrx_word' id='word_1_200' title='bbox 988 3049 1080 3134; x_wconf 88' lang='lat' dir='ltr'><strong>apice</strong></span> <span class='ocrx_word' id='word_1_201' title='bbox 1098 3069 1161 3111; x_wconf 86' lang='lat' dir='ltr'><strong>una</strong></span> <span class='ocrx_word' id='word_1_202' title='bbox 1178 3071 1251 3111; x_wconf 90' lang='lat' dir='ltr'><strong>cum</strong></span> <span class='ocrx_word' id='word_1_203' title='bbox 1274 3069 1427 3134; x_wconf 85' lang='lat' dir='ltr'><strong>processu</strong></span> <span class='ocrx_word' id='word_1_204' title='bbox 1452 3048 1524 3111; x_wconf 59' lang='lat'><strong>047</strong></span> <span class='ocrx_word' id='word_1_205' title='bbox 1550 3044 1659 3130; x_wconf 83' lang='lat' dir='ltr'><strong>altam,</strong></span> 
     </span>
     <span class='ocr_line' id='line_1_25' title="bbox 380 3153 1658 3242; baseline 0.001 -25"><span class='ocrx_word' id='word_1_206' title='bbox 380 3164 506 3241; x_wconf 91' lang='lat' dir='ltr'><strong>partem</strong></span> <span class='ocrx_word' id='word_1_207' title='bbox 529 3153 673 3220; x_wconf 90' lang='lat' dir='ltr'><strong>tibialem</strong></span> <span class='ocrx_word' id='word_1_208' title='bbox 699 3157 772 3220; x_wconf 79' lang='lat' dir='ltr'><strong>ote</strong></span> <span class='ocrx_word' id='word_1_209' title='bbox 797 3155 934 3240; x_wconf 85' lang='lat' dir='ltr'><strong>longam,</strong></span> <span class='ocrx_word' id='word_1_210' title='bbox 959 3156 1050 3242; x_wconf 89' lang='lat' dir='ltr'><strong>apice</strong></span> <span class='ocrx_word' id='word_1_211' title='bbox 1074 3159 1184 3241; x_wconf 90' lang='lat' dir='ltr'><strong>(quum</strong></span> <span class='ocrx_word' id='word_1_212' title='bbox 1209 3154 1344 3218; x_wconf 91' lang='lat' dir='ltr'><strong>alatere</strong></span> <span class='ocrx_word' id='word_1_213' title='bbox 1368 3154 1559 3241; x_wconf 88' lang='lat' dir='ltr'><strong>adspicitur)</strong></span> <span class='ocrx_word' id='word_1_214' title='bbox 1583 3155 1658 3218; x_wconf 60' lang='lat'><strong>045</strong></span> 
     </span>
     <span class='ocr_line' id='line_1_26' title="bbox 382 3259 1659 3348; baseline 0 -24"><span class='ocrx_word' id='word_1_215' title='bbox 382 3260 489 3345; x_wconf 87' lang='lat' dir='ltr'><strong>latam,</strong></span> <span class='ocrx_word' id='word_1_216' title='bbox 512 3273 637 3348; x_wconf 92' lang='lat' dir='ltr'><strong>partem</strong></span> <span class='ocrx_word' id='word_1_217' title='bbox 661 3261 812 3326; x_wconf 87' lang='lat' dir='ltr'><strong>tarsalem</strong></span> <span class='ocrx_word' id='word_1_218' title='bbox 829 3264 903 3326; x_wconf 73' lang='lat'><strong>060</strong></span> <span class='ocrx_word' id='word_1_219' title='bbox 919 3261 1048 3344; x_wconf 87' lang='lat' dir='ltr'><strong>longam</strong></span> <span class='ocrx_word' id='word_1_220' title='bbox 1073 3259 1155 3341; x_wconf 79' lang='lat' dir='ltr'><strong>vidi3</strong></span> <span class='ocrx_word' id='word_1_221' title='bbox 1179 3262 1349 3346; x_wconf 86' lang='lat' dir='ltr'><strong>insigniter</strong></span> <span class='ocrx_word' id='word_1_222' title='bbox 1372 3261 1503 3326; x_wconf 80' lang='lat' dir='ltr'><strong>brevior</strong></span> <span class='ocrx_word' id='word_1_223' title='bbox 1526 3273 1574 3324; x_wconf 91' lang='lat' dir='ltr'><strong>est</strong></span> <span class='ocrx_word' id='word_1_224' title='bbox 1598 3262 1659 3324; x_wconf 88' lang='lat' dir='ltr'><strong>ita-</strong></span> 
     </span>
     <span class='ocr_line' id='line_1_27' title="bbox 383 3366 1657 3455; baseline -0.001 -24"><span class='ocrx_word' id='word_1_225' title='bbox 383 3390 445 3452; x_wconf 89' lang='lat' dir='ltr'><strong>que</strong></span> <span class='ocrx_word' id='word_1_226' title='bbox 467 3389 542 3455; x_wconf 90' lang='lat' dir='ltr'><strong>pars</strong></span> <span class='ocrx_word' id='word_1_227' title='bbox 565 3367 686 3432; x_wconf 88' lang='lat' dir='ltr'><strong>tibialis</strong></span> <span class='ocrx_word' id='word_1_228' title='bbox 721 3391 817 3455; x_wconf 89' lang='lat' dir='ltr'><strong>quam</strong></span> <span class='ocrx_word' id='word_1_229' title='bbox 854 3367 1018 3453; x_wconf 89' lang='lat' dir='ltr'><strong>patellaris</strong></span> <span class='ocrx_word' id='word_1_230' title='bbox 1042 3377 1073 3432; x_wconf 92' lang='lat' dir='ltr'><strong>et</strong></span> <span class='ocrx_word' id='word_1_231' title='bbox 1098 3369 1138 3453; x_wconf 73' lang='lat' dir='ltr'><strong>²,l9</strong></span> <span class='ocrx_word' id='word_1_232' title='bbox 1163 3367 1258 3432; x_wconf 92' lang='lat' dir='ltr'><strong>modo</strong></span> <span class='ocrx_word' id='word_1_233' title='bbox 1283 3366 1409 3452; x_wconf 87' lang='lat' dir='ltr'><strong>longior</strong></span> <span class='ocrx_word' id='word_1_234' title='bbox 1432 3389 1530 3453; x_wconf 91' lang='lat' dir='ltr'><strong>quam</strong></span> <span class='ocrx_word' id='word_1_235' title='bbox 1554 3367 1657 3432; x_wconf 87' lang='lat' dir='ltr'><strong>latior.</strong></span> 
     </span>
     <span class='ocr_line' id='line_1_28' title="bbox 380 3474 1658 3562; baseline -0.001 -23"><span class='ocrx_word' id='word_1_236' title='bbox 380 3475 515 3540; x_wconf 89' lang='lat' dir='ltr'><strong>Praeter</strong></span> <span class='ocrx_word' id='word_1_237' title='bbox 537 3474 772 3560; x_wconf 84' lang='lat' dir='ltr'><strong>longitudinem</strong></span> <span class='ocrx_word' id='word_1_238' title='bbox 796 3477 954 3538; x_wconf 91' lang='lat' dir='ltr'><strong>minorem</strong></span> <span class='ocrx_word' id='word_1_239' title='bbox 978 3475 1086 3539; x_wconf 87' lang='lat' dir='ltr'><strong>differt</strong></span> <span class='ocrx_word' id='word_1_240' title='bbox 1101 3497 1177 3562; x_wconf 91' lang='lat' dir='ltr'><strong>pars</strong></span> <span class='ocrx_word' id='word_1_241' title='bbox 1193 3474 1313 3538; x_wconf 88' lang='lat' dir='ltr'><strong>tibialis</strong></span> <span class='ocrx_word' id='word_1_242' title='bbox 1329 3475 1367 3538; x_wconf 82' lang='grc' dir='ltr'><strong>Ε.</strong></span> <span class='ocrx_word' id='word_1_243' title='bbox 1383 3475 1515 3539; x_wconf 81' lang='lat' dir='ltr'><strong>creticae</strong></span> <span class='ocrx_word' id='word_1_244' title='bbox 1538 3485 1658 3561; x_wconf 85' lang='lat' dir='ltr'><strong>aparte</strong></span> 
     </span>
     <span class='ocr_line' id='line_1_29' title="bbox 381 3579 1657 3670; baseline 0 -24"><span class='ocrx_word' id='word_1_245' title='bbox 381 3581 586 3667; x_wconf 88' lang='lat' dir='ltr'><strong>respondenti</strong></span> <span class='ocrx_word' id='word_1_246' title='bbox 611 3583 649 3646; x_wconf 80' lang='grc' dir='ltr'><strong>Ε.</strong></span> <span class='ocrx_word' id='word_1_247' title='bbox 673 3583 873 3668; x_wconf 69' lang='lat' dir='ltr'><strong>longipolpts:</strong></span> <span class='ocrx_word' id='word_1_248' title='bbox 897 3604 1049 3670; x_wconf 88' lang='lat' dir='ltr'><strong>processu</strong></span> <span class='ocrx_word' id='word_1_249' title='bbox 1066 3581 1220 3646; x_wconf 87' lang='lat' dir='ltr'><strong>inferiore</strong></span> <span class='ocrx_word' id='word_1_250' title='bbox 1243 3581 1354 3645; x_wconf 87' lang='lat' dir='ltr'><strong>subter</strong></span> <span class='ocrx_word' id='word_1_251' title='bbox 1378 3579 1542 3645; x_wconf 87' lang='lat' dir='ltr'><strong>denticulo</strong></span> <span class='ocrx_word' id='word_1_252' title='bbox 1563 3591 1657 3646; x_wconf 87' lang='lat' dir='ltr'><strong>acuto</strong></span> 
     </span>
     <span class='ocr_line' id='line_1_30' title="bbox 380 3687 1656 3776; baseline 0.002 -26"><span class='ocrx_word' id='word_1_253' title='bbox 380 3689 547 3771; x_wconf 87' lang='lat' dir='ltr'><strong>instructa,</strong></span> <span class='ocrx_word' id='word_1_254' title='bbox 581 3710 734 3776; x_wconf 84' lang='lat' dir='ltr'><strong>processu</strong></span> <span class='ocrx_word' id='word_1_255' title='bbox 771 3691 935 3775; x_wconf 89' lang='lat' dir='ltr'><strong>superiore</strong></span> <span class='ocrx_word' id='word_1_256' title='bbox 972 3690 1062 3776; x_wconf 88' lang='lat' dir='ltr'><strong>apice</strong></span> <span class='ocrx_word' id='word_1_257' title='bbox 1086 3689 1208 3772; x_wconf 88' lang='lat' dir='ltr'><strong>obtuso,</strong></span> <span class='ocrx_word' id='word_1_258' title='bbox 1230 3709 1329 3774; x_wconf 88' lang='lat' dir='ltr'><strong>quum</strong></span> <span class='ocrx_word' id='word_1_259' title='bbox 1359 3687 1483 3752; x_wconf 90' lang='lat' dir='ltr'><strong>directo</strong></span> <span class='ocrx_word' id='word_1_260' title='bbox 1507 3710 1526 3751; x_wconf 90' lang='lat' dir='ltr'><strong>a</strong></span> <span class='ocrx_word' id='word_1_261' title='bbox 1549 3687 1656 3770; x_wconf 75' lang='lat' dir='ltr'><strong>latere</strong></span> 
     </span>
     <span class='ocr_line' id='line_1_31' title="bbox 380 3793 1656 3881; baseline 0.001 -24"><span class='ocrx_word' id='word_1_262' title='bbox 380 3793 500 3880; x_wconf 86' lang='lat' dir='ltr'><strong>latiore,</strong></span> <span class='ocrx_word' id='word_1_263' title='bbox 523 3797 627 3879; x_wconf 86' lang='lat' dir='ltr'><strong>magis</strong></span> <span class='ocrx_word' id='word_1_264' title='bbox 650 3795 773 3879; x_wconf 84' lang='lat' dir='ltr'><strong>obtuso,</strong></span> <span class='ocrx_word' id='word_1_265' title='bbox 797 3795 904 3859; x_wconf 92' lang='lat' dir='ltr'><strong>minus</strong></span> <span class='ocrx_word' id='word_1_266' title='bbox 928 3794 1058 3881; x_wconf 90' lang='lat' dir='ltr'><strong>obliquo</strong></span> <span class='ocrx_word' id='word_1_267' title='bbox 1082 3795 1195 3876; x_wconf 87' lang='lat' dir='ltr'><strong>(latere</strong></span> <span class='ocrx_word' id='word_1_268' title='bbox 1219 3795 1377 3859; x_wconf 89' lang='lat' dir='ltr'><strong>exteriore</strong></span> <span class='ocrx_word' id='word_1_269' title='bbox 1401 3795 1564 3860; x_wconf 87' lang='lat' dir='ltr'><strong>anteriora</strong></span> <span class='ocrx_word' id='word_1_270' title='bbox 1583 3816 1656 3858; x_wconf 87' lang='lat' dir='ltr'><strong>ver-</strong></span> 
     </span>
     <span class='ocr_line' id='line_1_32' title="bbox 381 3900 1655 3990; baseline 0 -26"><span class='ocrx_word' id='word_1_271' title='bbox 381 3924 436 3964; x_wconf 91' lang='lat' dir='ltr'><strong>sus</strong></span> <span class='ocrx_word' id='word_1_272' title='bbox 460 3913 491 3965; x_wconf 86' lang='lat' dir='ltr'><strong>et</strong></span> <span class='ocrx_word' id='word_1_273' title='bbox 513 3903 601 3965; x_wconf 88' lang='lat' dir='ltr'><strong>intus</strong></span> <span class='ocrx_word' id='word_1_274' title='bbox 625 3901 768 3984; x_wconf 73' lang='lat' dir='ltr'><strong>directo),</strong></span> <span class='ocrx_word' id='word_1_275' title='bbox 792 3925 890 3988; x_wconf 92' lang='lat' dir='ltr'><strong>quum</strong></span> <span class='ocrx_word' id='word_1_276' title='bbox 916 3901 1038 3966; x_wconf 89' lang='lat' dir='ltr'><strong>directo</strong></span> <span class='ocrx_word' id='word_1_277' title='bbox 1062 3901 1201 3990; x_wconf 89' lang='lat' dir='ltr'><strong>desuper</strong></span> <span class='ocrx_word' id='word_1_278' title='bbox 1222 3923 1297 3988; x_wconf 89' lang='lat' dir='ltr'><strong>pars</strong></span> <span class='ocrx_word' id='word_1_279' title='bbox 1318 3900 1440 3965; x_wconf 89' lang='lat' dir='ltr'><strong>tibialis</strong></span> <span class='ocrx_word' id='word_1_280' title='bbox 1464 3901 1655 3988; x_wconf 85' lang='lat' dir='ltr'><strong>adspicitur;</strong></span> 
     </span>
     <span class='ocr_line' id='line_1_33' title="bbox 381 4007 1654 4095; baseline 0.001 -25"><span class='ocrx_word' id='word_1_281' title='bbox 381 4009 478 4071; x_wconf 89' lang='lat' dir='ltr'><strong>etiam</strong></span> <span class='ocrx_word' id='word_1_282' title='bbox 502 4029 672 4094; x_wconf 86' lang='lat' dir='ltr'><strong>processus</strong></span> <span class='ocrx_word' id='word_1_283' title='bbox 705 4011 845 4073; x_wconf 83' lang='lat' dir='ltr'><strong>exterior</strong></span> <span class='ocrx_word' id='word_1_284' title='bbox 875 4007 983 4095; x_wconf 93' lang='lat' dir='ltr'><strong>paullo</strong></span> <span class='ocrx_word' id='word_1_285' title='bbox 1015 4009 1146 4073; x_wconf 85' lang='lat' dir='ltr'><strong>differre</strong></span> <span class='ocrx_word' id='word_1_286' title='bbox 1177 4007 1306 4072; x_wconf 89' lang='lat' dir='ltr'><strong>videtur</strong></span> <span class='ocrx_word' id='word_1_287' title='bbox 1341 4013 1394 4090; x_wconf 86' lang='lat' dir='ltr'><strong>(an</strong></span> <span class='ocrx_word' id='word_1_288' title='bbox 1419 4008 1654 4089; x_wconf 76' lang='lat' dir='ltr'><strong>constanterll:</strong></span> 
     </span>
     <span class='ocr_line' id='line_1_34' title="bbox 380 4113 1656 4203; baseline 0.002 -26"><span class='ocrx_word' id='word_1_289' title='bbox 380 4114 488 4202; x_wconf 85' lang='lat' dir='ltr'><strong>paullo</strong></span> <span class='ocrx_word' id='word_1_290' title='bbox 512 4114 640 4201; x_wconf 88' lang='lat' dir='ltr'><strong>longius</strong></span> <span class='ocrx_word' id='word_1_291' title='bbox 664 4137 683 4179; x_wconf 85' lang='lat' dir='ltr'><strong>a</strong></span> <span class='ocrx_word' id='word_1_292' title='bbox 705 4137 857 4202; x_wconf 84' lang='lat' dir='ltr'><strong>processu</strong></span> <span class='ocrx_word' id='word_1_293' title='bbox 883 4118 1047 4203; x_wconf 89' lang='lat' dir='ltr'><strong>superiore</strong></span> <span class='ocrx_word' id='word_1_294' title='bbox 1071 4126 1220 4200; x_wconf 87' lang='lat' dir='ltr'><strong>remotus,</strong></span> <span class='ocrx_word' id='word_1_295' title='bbox 1246 4113 1392 4202; x_wconf 89' lang='lat' dir='ltr'><strong>paullulo</strong></span> <span class='ocrx_word' id='word_1_296' title='bbox 1416 4136 1546 4179; x_wconf 88' lang='lat' dir='ltr'><strong>sursum</strong></span> <span class='ocrx_word' id='word_1_297' title='bbox 1571 4115 1656 4179; x_wconf 89' lang='lat' dir='ltr'><strong>dire·</strong></span> 
     </span>
     <span class='ocr_line' id='line_1_35' title="bbox 381 4220 1652 4309; baseline 0.002 -25"><span class='ocrx_word' id='word_1_298' title='bbox 381 4233 461 4305; x_wconf 91' lang='lat' dir='ltr'><strong>ctus,</strong></span> <span class='ocrx_word' id='word_1_299' title='bbox 484 4221 648 4287; x_wconf 89' lang='lat' dir='ltr'><strong>levissime</strong></span> <span class='ocrx_word' id='word_1_300' title='bbox 673 4245 802 4286; x_wconf 89' lang='lat' dir='ltr'><strong>sursum</strong></span> <span class='ocrx_word' id='word_1_301' title='bbox 827 4235 990 4306; x_wconf 80' lang='lat' dir='ltr'><strong>curvatae,</strong></span> <span class='ocrx_word' id='word_1_302' title='bbox 1015 4233 1157 4287; x_wconf 87' lang='lat' dir='ltr'><strong>ceterum</strong></span> <span class='ocrx_word' id='word_1_303' title='bbox 1181 4221 1270 4286; x_wconf 91' lang='lat' dir='ltr'><strong>denti</strong></span> <span class='ocrx_word' id='word_1_304' title='bbox 1295 4220 1503 4309; x_wconf 89' lang='lat' dir='ltr'><strong>respondenti</strong></span> <span class='ocrx_word' id='word_1_305' title='bbox 1527 4223 1565 4286; x_wconf 83' lang='lat' dir='ltr'><strong>E.</strong></span> <span class='ocrx_word' id='word_1_306' title='bbox 1589 4224 1652 4286; x_wconf 86' lang='lat' dir='ltr'><strong>lon-</strong></span> 
     </span>
     <span class='ocr_line' id='line_1_36' title="bbox 378 4329 664 4414; baseline 0 -20"><span class='ocrx_word' id='word_1_307' title='bbox 378 4331 516 4414; x_wconf 70' lang='lat' dir='ltr'><strong>qipalpis</strong></span> <span class='ocrx_word' id='word_1_308' title='bbox 540 4329 664 4394; x_wconf 89' lang='lat' dir='ltr'><strong>similis.</strong></span> 
     </span>
    </p>

    <p class='ocr_par' dir='ltr' id='par_1_4' title="bbox 379 4437 1652 4844">
     <span class='ocr_line' id='line_1_37' title="bbox 485 4437 1652 4523; baseline -0.003 -21"><span class='ocrx_word' id='word_1_309' title='bbox 485 4439 659 4523; x_wconf 72' lang='lat' dir='ltr'><strong>Erigonae,</strong></span> <span class='ocrx_word' id='word_1_310' title='bbox 694 4459 793 4523; x_wconf 90' lang='lat' dir='ltr'><strong>quam</strong></span> <span class='ocrx_word' id='word_1_311' title='bbox 827 4437 1019 4502; x_wconf 84' lang='lat' dir='ltr'><strong>varietatem</strong></span> <span class='ocrx_word' id='word_1_312' title='bbox 1058 4437 1215 4522; x_wconf 67' lang='lat' dir='ltr'><strong>Erigonae</strong></span> <span class='ocrx_word' id='word_1_313' title='bbox 1249 4443 1381 4501; x_wconf 79' lang='lat' dir='ltr'><strong>creticae</strong></span> <span class='ocrx_word' id='word_1_314' title='bbox 1415 4457 1486 4502; x_wconf 87' lang='lat' dir='ltr'><strong>esse</strong></span> <span class='ocrx_word' id='word_1_315' title='bbox 1531 4457 1652 4518; x_wconf 76' lang='lat' dir='ltr'><strong>censeo,</strong></span> 
     </span>
     <span class='ocr_line' id='line_1_38' title="bbox 382 4541 1651 4632; baseline -0.001 -27"><span class='ocrx_word' id='word_1_316' title='bbox 382 4542 528 4606; x_wconf 76' lang='lat' dir='ltr'><strong>aformt</strong></span> <span class='ocrx_word' id='word_1_317' title='bbox 550 4545 662 4632; x_wconf 69' lang='lat' dir='ltr'><strong>typica</strong></span> <span class='ocrx_word' id='word_1_318' title='bbox 696 4545 856 4630; x_wconf 89' lang='lat' dir='ltr'><strong>imprimis</strong></span> <span class='ocrx_word' id='word_1_319' title='bbox 891 4547 1013 4607; x_wconf 76' lang='lat' dir='ltr'><strong>statura</strong></span> <span class='ocrx_word' id='word_1_320' title='bbox 1044 4544 1168 4607; x_wconf 91' lang='lat' dir='ltr'><strong>minore</strong></span> <span class='ocrx_word' id='word_1_321' title='bbox 1204 4543 1400 4628; x_wconf 85' lang='lat' dir='ltr'><strong>distinctam,</strong></span> <span class='ocrx_word' id='word_1_322' title='bbox 1434 4565 1509 4630; x_wconf 91' lang='lat' dir='ltr'><strong>pars</strong></span> <span class='ocrx_word' id='word_1_323' title='bbox 1536 4541 1651 4608; x_wconf 88' lang='lat' dir='ltr'><strong>tibialis</strong></span> 
     </span>
     <span class='ocr_line' id='line_1_39' title="bbox 379 4649 1650 4740; baseline 0 -28"><span class='ocrx_word' id='word_1_324' title='bbox 379 4649 437 4712; x_wconf 87' lang='lat' dir='ltr'><strong>vix</strong></span> <span class='ocrx_word' id='word_1_325' title='bbox 459 4649 528 4714; x_wconf 79' lang='lat' dir='ltr'><strong>ulla</strong></span> <span class='ocrx_word' id='word_1_326' title='bbox 544 4650 607 4714; x_wconf 77' lang='lat' dir='ltr'><strong>alia</strong></span> <span class='ocrx_word' id='word_1_327' title='bbox 623 4673 658 4715; x_wconf 91' lang='lat' dir='ltr'><strong>re</strong></span> <span class='ocrx_word' id='word_1_328' title='bbox 674 4651 783 4714; x_wconf 83' lang='lat' dir='ltr'><strong>differt</strong></span> <span class='ocrx_word' id='word_1_329' title='bbox 807 4673 825 4713; x_wconf 90' lang='lat' dir='ltr'><strong>a</strong></span> <span class='ocrx_word' id='word_1_330' title='bbox 848 4663 939 4737; x_wconf 90' lang='lat' dir='ltr'><strong>parte</strong></span> <span class='ocrx_word' id='word_1_331' title='bbox 962 4650 1168 4737; x_wconf 86' lang='lat' dir='ltr'><strong>respondenti</strong></span> <span class='ocrx_word' id='word_1_332' title='bbox 1193 4651 1350 4736; x_wconf 69' lang='lat' dir='ltr'><strong>Erigonae</strong></span> <span class='ocrx_word' id='word_1_333' title='bbox 1371 4652 1504 4716; x_wconf 80' lang='lat' dir='ltr'><strong>creticae</strong></span> <span class='ocrx_word' id='word_1_334' title='bbox 1525 4651 1650 4740; x_wconf 81' lang='lat' dir='ltr'><strong>typicae</strong></span> 
     </span>
     <span class='ocr_line' id='line_1_40' title="bbox 379 4755 1650 4844; baseline 0.001 -27"><span class='ocrx_word' id='word_1_335' title='bbox 379 4755 441 4818; x_wconf 92' lang='lat' dir='ltr'><strong>nisi</strong></span> <span class='ocrx_word' id='word_1_336' title='bbox 465 4755 668 4840; x_wconf 88' lang='lat' dir='ltr'><strong>longitudine</strong></span> <span class='ocrx_word' id='word_1_337' title='bbox 704 4758 826 4820; x_wconf 91' lang='lat' dir='ltr'><strong>minore</strong></span> <span class='ocrx_word' id='word_1_338' title='bbox 850 4769 882 4821; x_wconf 89' lang='lat' dir='ltr'><strong>et</strong></span> <span class='ocrx_word' id='word_1_339' title='bbox 904 4779 1057 4844; x_wconf 85' lang='lat' dir='ltr'><strong>processu</strong></span> <span class='ocrx_word' id='word_1_340' title='bbox 1096 4756 1249 4821; x_wconf 87' lang='lat' dir='ltr'><strong>inferiore</strong></span> <span class='ocrx_word' id='word_1_341' title='bbox 1283 4755 1379 4822; x_wconf 88' lang='lat' dir='ltr'><strong>dente</strong></span> <span class='ocrx_word' id='word_1_342' title='bbox 1413 4755 1503 4820; x_wconf 92' lang='lat' dir='ltr'><strong>nullu</strong></span> <span class='ocrx_word' id='word_1_343' title='bbox 1534 4767 1650 4820; x_wconf 90' lang='lat' dir='ltr'><strong>ornato.</strong></span> 
     </span>
    </p>
   </div>
   <div class='ocr_carea' id='block_1_3' title="bbox 0 0 1836 5734">
    <p class='ocr_par' dir='ltr' id='par_1_5' title="bbox 0 0 1836 5734">
     <span class='ocr_line' id='line_1_41' title="bbox 0 0 1836 5734; baseline 0 0"><span class='ocrx_word' id='word_1_344' title='bbox 0 0 1836 5734; x_wconf 95' lang='lat' dir='ltr'><strong> </strong></span> 
     </span>
    </p>
   </div>
  </div>
 </body>
</html>
