3658 5736
381 529 446 594 576

485 742 524 805 In
549 751 616 806 tota
640 741 785 824 materia,
813 763 911 827 quam
935 763 1033 828 supra
1058 741 1390 825 commemoravimus,
1418 743 1550 806 omnino
1574 763 1664 807 een·

379 859 463 913 tum
481 848 762 934 septuaginta
785 849 910 932 speeies
926 846 1123 931 invenimus,
1146 870 1285 935 quarum
1302 847 1386 912 duae
1402 847 1442 912 ad
1456 846 1664 934 Flagellatas,

379 955 464 1020 duae
491 955 532 1020 ad
561 954 742 1022 Charaoeas
765 954 937 1040 pertinent.
968 954 1041 1034 Quo
1072 977 1114 1019 ex
1145 976 1280 1018 nurnero
1308 953 1423 1020 Indiae
1454 955 1665 1020 Batavorum:

380 1064 399 1128 7
423 1084 552 1148 genera,
578 1063 642 1127 100
667 1062 802 1148 speeies,
830 1062 869 1126 13
893 1061 1078 1146 varietates,
1102 1060 1229 1126 insulae
1252 1061 1368 1126 tavae:
1404 1065 1421 1126 7
1447 1083 1577 1147 genera,
1602 1063 1665 1127 108

380 1171 513 1256 speeies⁷
546 1172 588 1233 14
611 1169 786 1232 varietates
811 1179 842 1232 et
866 1169 886 1232 2
911 1167 1034 1232 formae
1058 1191 1163 1233 novae
1187 1166 1331 1232 adtribui
1363 1179 1499 1254 possunt
1529 1167 1666 1256 ideoque

379 1277 553 1342 universae
584 1276 700 1341 Indiae
731 1276 928 1340 Batavorum
960 1273 1039 1338 flora
1071 1276 1195 1362 speeies
1225 1276 1313 1340 1774
1342 1274 1450 1358 habet,
1481 1297 1557 1341 oum
1587 1275 1667 1339 flora

378 1384 482 1471 ipsius
505 1381 632 1446 insulae
655 1382 759 1448 Javae
783 1380 835 1446 ad.
850 1381 914 1446 918
940 1382 1065 1468 speeies
1089 1381 1239 1446 ostendit.

485 1490 521 1557 Si
544 1490 679 1576 speeies,
702 1511 783 1574 quas
807 1499 838 1552 et
861 1489 924 1574 ipsi
947 1489 981 1551 in
1006 1487 1161 1574 opusculo
1189 1488 1293 1574 prima
1318 1487 1543 1554 dissertatione
1567 1489 1667 1554 citato

379 1607 476 1684 atque
498 1597 586 1660 infra
610 1595 843 1682 descripsimus
866 1607 898 1660 et
921 1595 958 1659 E.
982 1595 1041 1659 De
1067 1595 1306 1659 Wildeman
1338 1595 1373 1657 in
1400 1595 1597 1680 „Prodrome
1626 1596 1668 1660 de

380 1703 412 1767 la
433 1703 512 1768 flore
534 1702 741 1789 algologique
772 1701 829 1768 des
860 1701 960 1766 Indes
993 1701 1265 1766 Neerlandaises“
1302 1703 1386 1768 1897
1412 1713 1443 1766 et
1469 1704 1555 1768 1899
1585 1726 1668 1768 enu-

379 1809 526 1894 meravit,
550 1807 853 1896 comparaverimus
870 1830 944 1872 eum
961 1807 1035 1892 illia
1059 1830 1139 1894 quas
1158 1807 1336 1894 opusculis:
1361 1809 1412 1874 W.
1429 1809 1464 1874 B.
1479 1809 1667 1874 Turneri

380 1917 594 2002 eognovimus
623 1916 656 1980 in
681 1915 778 1979 India
810 1913 979 1998 Orientali,
1012 1915 1063 1979 W.
1088 1926 1120 1979 et
1143 1914 1183 1980 G.
1206 1914 1237 1981 S.
1260 1915 1400 1980 Westi
1425 1955 1466 1962 —
1490 1916 1525 1979 in
1549 1915 1668 1980 insulis

379 2022 524 2112 Geylone
548 2035 580 2088 et
602 2022 847 2107 Madagasoaro
875 2021 1112 2088 Sehmidlei
1131 2023 1224 2086 —in
1247 2021 1356 2086 insula
1379 2022 1540 2108 Sumatra
1570 2024 1668 2088 Bor-

379 2131 447 2216 gei
470 2168 513 2178 -
537 2131 571 2193 in
607 2129 781 2212 Matralia,
819 2127 1097 2193 Nordstedtii
1133 2139 1172 2193 et
1206 2128 1356 2194 Willei
1385 2131 1485 2193 ——in
1517 2129 1667 2216 Brasilia

379 2237 409 2302 N
419 2235 658 2302 ordstedtii
678 2275 717 2283 —
734 2234 769 2300 in
793 2234 961 2300 Australia
984 2247 1016 2300 et
1031 2235 1126 2301 Nova
1141 2233 1311 2300 Zelandia:
1329 2274 1370 2283 -
1386 2235 1499 2300 floram
1516 2234 1665 2321 algarum

378 2345 482 2410 Javae
517 2343 623 2408 eidem
655 2342 819 2432 Oeylonis‚
853 2341 969 2406 Indiae
1004 2341 1190 2425 Orientalis,
1226 2342 1404 2426 Sumatrae‚
1438 2343 1667 2427 Madagaseari

379 2452 499 2539 optime
522 2451 681 2515 confinem
705 2473 785 2533 esse,
810 2451 967 2514 minorem
992 2461 1100 2514 autem
1125 2447 1303 2514 formarum
1326 2461 1451 2536 partem
1475 2449 1573 2515 florae
1588 2471 1666 2516 eum

379 2558 565 2622 Australiae
589 2567 620 2622 et
644 2557 757 2621 Novae
784 2556 960 2621 Zelandiae
991 2567 1059 2620 tum
1092 2555 1249 2621 Brasiliae
1280 2555 1416 2642 adiungi
1448 2579 1541 2642 posse
1567 2556 1666 2620 faeile

379 2665 473 2730 nobis
497 2663 774 2752 persuadebimus

486 2771 802 2837 Determinationem
825 2791 865 2834 ae
889 2769 1110 2834 definitionem
1138 2769 1378 2836 Obaraoearum
1410 2768 1585 2835 referimus
1610 2791 1666 2835 ae-

380 2890 506 2964 oeptam
530 2879 670 2942 eximiae
693 2876 886 2962 benignitati
910 2877 989 2940 Dris
1017 2875 1054 2942 Ο.
1078 2875 1357 2943 Nordstedtii
1382 2875 1577 2960 Lundensis⁷
1609 2877 1665 2962 qai

379 3007 439 3051 nos
461 3007 616 3071 persaepe
639 2983 781 3048 mirabili
806 3007 864 3048 suo
898 2983 1159 3070 peritissimeque
1189 2982 1324 3049 oonsilio
1360 2981 1665 3049 benevolentissime

379 3093 414 3157 in
437 3091 617 3157 Desmidiis
640 3113 767 3178 quoque
791 3089 970 3155 adiuvaret.
994 3091 1113 3177 quibus
1137 3113 1300 3154 summum
1317 3090 1462 3155 studium
1478 3100 1574 3176 atque
1589 3112 1664 3176 ope·

379 3221 446 3263 ram
472 3197 756 3285 diligentissimam
780 3207 892 3278 navat3
924 3197 976 3260 oui
1001 3196 1182 3261 clarissimo
1205 3209 1238 3261 et
1260 3196 1462 3263 nobilissimo
1486 3198 1558 3260 viro
1581 3196 1664 3283 opti·

379 3327 449 3370 mas
473 3305 534 3370 hoo
557 3304 629 3369 loeo
652 3305 773 3390 gratias
797 3306 933 3389 agimus.

475 3553 576 3621 Class-
603 3551 1006 3647 Chlorophyoeae
1033 3551 1212 3638 (Kuetz.
1238 3569 1300 3626 ex
1323 3553 1382 3642 p.)
1410 3551 1565 3626 Wittr.

593 3678 682 3745 Ordo
714 3681 1054 3747 Protococcotdeae
1079 3677 1277 3765 (Menegtr.)
1303 3679 1446 3750 Ktrctm.

593 3805 683 3868 Fam.
715 3802 978 3870 Palmeltaorae
1002 3801 1216 3888 (Itaeaisne)
1240 3799 1355 3886 Naeg.
1380 3820 1449 3868 em.

759 3928 842 3994 Gen.
867 3933 1124 3993 Scenedesmus
1147 3935 1288 4008 Meyen.

379 4056 435 4139 ts)
459 4057 488 4118 1.
508 4053 540 4118 S.
558 4055 715 4139 bijagataa
731 4053 855 4140 (Turp.)
870 4053 984 4118 Knetz.
1008 4054 1060 4117 De
1076 4052 1167 4126 Toni.
1185 4052 1318 4141 Sylloge
1334 4051 1482 4137 algarum
1498 4075 1570 4138 pag.
1588 4052 1659 4116 563.

488 4159 585 4224 Heba
610 4160 705 4226 Sarra
729 4160 916 4245 Gajamput.

379 4269 441 4349 †2.
470 4267 500 4332 S.
525 4269 741 4352 qrtndraoaada
765 4266 889 4352 (Turp.)
913 4267 1006 4330 Breb.
1030 4267 1082 4331 De
1106 4267 1196 4348 Toni,
1221 4265 1240 4329 l.
1266 4288 1291 4330 e.
1316 4289 1387 4352 pag.
1412 4267 1487 4331 565.

487 4374 585 4438 Hab.:
609 4373 704 4440 Sawa
729 4371 919 4460 Gajamput;
944 4373 1034 4438 Sitne
1059 4373 1244 4459 Tjibenong
1268 4395 1314 4460 pr.
1338 4373 1452 4458 Bogor.

491 4643 508 4708 ¹)
527 4642 641 4704 Genera,
661 4643 771 4705 speeies.
793 4643 936 4691 varietates
956 4657 988 4692 aa
1009 4645 1108 4692 formae
1128 4658 1248 4692 novae
1268 4643 1295 4692 in
1315 4642 1380 4691 flora
1399 4643 1480 4692 totius
1499 4641 1591 4692 Indiae
1609 4642 1656 4690 Ba·

381 4738 502 4780 tavorum
523 4731 598 4796 signo
618 4733 642 4793 †‚
663 4749 679 4780 n
691 4749 705 4779 o
718 4747 732 4778 v
744 4747 784 4780 ae
804 4741 892 4780 autem
913 4737 1016 4780 tantum
1036 4731 1063 4779 in
1083 4732 1148 4780 flora
1166 4731 1270 4782 insulae
1289 4733 1358 4782 dara
1378 4731 1455 4795 signo
1470 4733 1483 4764 *
1499 4741 1561 4782 ante
1578 4730 1655 4796 posito

380 4818 548 4884 significatae
568 4827 636 4868 sunt.
