3658 5736
1404 522 1471 588 589

293 731 321 796 Ε
345 731 451 797 fronte
475 733 584 797 visum
608 731 676 798 fere
701 755 802 820 aeque
818 733 951 820 longum
969 756 1006 798 ae
1024 731 1136 820 latum,
1160 734 1267 799 medio
1283 735 1357 798 sinu
1376 745 1471 799 extus

186 836 442 924 aoutangulatim
467 838 621 928 ampliato
652 841 740 906 lutus
771 839 871 906 breve
903 840 1017 906 lineari
1050 840 1214 929 profunde
1246 841 1470 922 eonstriotum3

186 944 398 1010 semieellulis
421 945 627 1033 trapeaoideo
649 946 902 1032 subhexagonis,
926 945 1082 1013 lateribus
1102 948 1199 1013 raetis
1223 945 1277 1012 vel
1300 947 1397 1035 paulo
1420 967 1472 1011 re-

185 1053 276 1134 tusis,
300 1053 393 1141 apiae
416 1050 481 1118 late
504 1053 673 1138 truuoatis,
696 1053 826 1140 angulis
850 1053 1017 1119 besalibus
1041 1055 1143 1143 spinis
1168 1053 1253 1120 binis
1274 1056 1308 1118 in
1323 1055 1472 1139 margine

185 1160 342 1246 spinaque
374 1182 439 1224 uua
468 1159 557 1224 infra
591 1161 780 1246 marginem,
815 1159 946 1247 angulis
977 1162 1198 1248 superioribus
1229 1172 1337 1228 autem
1367 1160 1471 1249 spinis

184 1266 323 1352 singulis
344 1265 397 1331 vel
422 1265 508 1331 binis
533 1267 675 1331 munitis.
698 1268 728 1331 a
751 1267 852 1332 latere
875 1267 984 1332 visum
1007 1267 1237 1352 biaeotiforme,
1261 1266 1470 1333 semioellulis

183 1394 288 1461 paene
312 1373 528 1439 circularibus
552 1373 594 1438 ad
622 1373 712 1460 polos
744 1375 847 1463 spinis
878 1372 1017 1461 singulis
1048 1387 1105 1439 aut
1135 1375 1230 1456 binis,
1261 1374 1303 1440 ad
1334 1374 1471 1461 angulos

184 1479 313 1547 baaales
337 1481 439 1569 spinis
463 1492 615 1567 quattuor
637 1481 773 1569 (typice)
797 1503 891 1546 seeus
907 1481 1045 1567 angulos
1061 1480 1238 1548 deltoideos
1254 1481 1410 1546 ordInatis
1427 1520 1470 1529 -

183 1609 418 1674 nonnunquam
442 1597 550 1652 autem
582 1589 676 1675 spina
706 1589 871 1653 aooesoria
898 1589 1038 1675 (quinta)
1069 1590 1211 1654 munitis.
1243 1587 1471 1657 Semioellulae

183 1717 202 1760 e
226 1695 351 1759 vertice
374 1695 465 1760 visae
488 1693 630 1782 elliptiee
653 1693 861 1760 lenticulares
885 1694 992 1759 medio
1024 1696 1176 1782 utrinque
1207 1697 1405 1760 incrassatae
1428 1693 1470 1758 ad

182 1799 276 1889 polos
300 1803 333 1866 in
358 1803 486 1889 spinam
509 1801 673 1888 singulam
697 1813 854 1868 exeuntes
877 1823 1038 1889 supraque
1061 1801 1146 1868 hano
1173 1803 1276 1890 spinis
1307 1801 1412 1867 tribus
1436 1801 1467 1865 in

181 1907 384 1994 triangulum
408 1909 521 1996 positis
550 1907 695 1974 donatae.
725 1909 919 1975 Membrana
949 1908 1133 1994 granulata3
1164 1908 1361 1998 pyrenoides
1392 1908 1470 1994 bini,

182 2037 293 2080 massa
316 2014 601 2105 ohlorophyllaeea
623 2037 641 2079 e
664 2015 782 2080 taeniis
805 2014 958 2080 radiatim
982 2013 1156 2104 dispositis.

290 2122 392 2207 Long.
417 2121 488 2187 oell.
513 2123 583 2188 sine
606 2121 874 2210 aeul.=41·8p,
897 2143 925 2188 e.
949 2121 1032 2188 auul.
1048 2149 1086 2181 =
1100 2125 1144 2187 44
1156 2149 1186 2209 p,

291 2230 360 2294 Lat.
440 2280 455 2314 „
537 2279 552 2316 „
637 2279 652 2314 „
702 2229 1469 2316 :39·6p-41·8p,e.aeul.=42p-44p,

315 2387 330 2421 „
417 2359 518 2420 marg.
543 2338 624 2425 apio.
638 2365 680 2394 =
694 2339 737 2402 22
749 2362 779 2424 p,
802 2335 876 2402 isth.
887 2364 930 2394 =
947 2338 1018 2402 14·4
1030 2361 1052 2423 μ
1065 2375 1107 2386 -
1122 2339 1194 2402 168
1206 2362 1282 2423 μ-
1299 2337 1370 2402 lre
1383 2363 1413 2422 p..

291 2443 397 2510 Crass.
422 2442 561 2508 cellulae
574 2471 616 2500 =
630 2445 674 2508 24
685 2469 707 2531 μ
719 2481 761 2492 -
775 2445 850 2509 26·4
862 2469 892 2532 μ.

291 2549 387 2614 Han:
414 2549 504 2615 Sitve
526 2548 714 2636 Tjibenong
736 2573 783 2638 pr.
807 2551 923 2637 Bogor.

290 2657 503 2722 Xaatbidiam
526 2658 676 2722 variabile
699 2658 750 2721 W.
773 2657 867 2722 West
890 2667 922 2722 et
944 2657 985 2723 G.
1006 2656 1037 2724 S.
1053 2657 1156 2722 West.
1177 2656 1278 2722 Notas
1294 2679 1335 2719 on
1351 2655 1470 2721 Fresh-

182 2774 286 2828 water
301 2763 414 2849 Algae,
437 2763 573 2830 Journal
590 2763 628 2828 of
642 2765 768 2850 Botany
792 2765 886 2849 1900,
910 2787 983 2851 pag.
1000 2765 1088 2846 2914
1110 2763 1323 2830 Xantbidium
1342 2763 1470 2828 Smitbii

182 2870 281 2936 Areh.
306 2893 374 2936 var.
397 2872 547 2936 variabile
572 2871 612 2936 G.
637 2871 668 2936 S.
691 2871 794 2955 West,
824 2870 877 2936 On
901 2871 1069 2936 Variation
1103 2871 1135 2934 iu
1167 2869 1221 2934 the
1251 2868 1468 2936 Desmidieae.

181 2977 332 3042 Linnean
349 2977 506 3065 Soeiety's
523 2976 803 3065 Journal-Botany
818 2975 967 3062 XXVII,
986 2977 1080 3062 1899,
1100 2999 1173 3064 pag.
1190 2977 1263 3042 386.
1278 2974 1358 3041 Tab.
1373 2975 1468 3058 VIII,

181 3083 234 3170 fig.
260 3085 392 3149 20-22
416 3097 447 3148 et
472 3085 524 3150 W.
548 3085 642 3149 West
672 3083 737 3148 and
760 3082 800 3150 G.
825 3083 855 3148 S.
880 3084 982 3167 Weat,
1013 3082 1065 3149 On
1090 3104 1179 3147 some
1201 3105 1275 3146 new
1299 3080 1364 3147 and
1386 3083 1469 3147 inte-

181 3191 306 3276 resting
334 3191 541 3256 Freshwater
571 3189 685 3276 Algae,
715 3189 851 3256 Journal
882 3191 919 3254 R.
944 3190 1134 3278 Mioroseop.
1167 3190 1237 3256 Soe.
1271 3189 1365 3266 1896,
1395 3210 1468 3277 pag.

185 3301 256 3364 156.
280 3298 358 3363 Tab.
382 3299 440 3382 IV,
463 3298 516 3383 fig.
541 3300 585 3364 40
617 3297 734 3384 speciei
760 3309 888 3361 nostrae
912 3295 1010 3362 affine
1034 3319 1105 3361 esse
1129 3295 1268 3379 videtur,
1301 3294 1359 3360 sed
1389 3294 1468 3360 late·

182 3406 273 3471 ribus
289 3406 396 3470 raetis.
414 3404 536 3469 aculeis
553 3407 573 3468 3
589 3405 623 3468 in
641 3403 771 3489 angulis
786 3401 952 3469 basalibus
968 3414 1065 3490 atque
1081 3402 1311 3490 superioribus,
1335 3413 1468 3489 aspectu

181 3511 331 3577 verticali
355 3511 499 3598 elliptieo
522 3513 600 3596 (non
625 3509 821 3590 lenticulari)
846 3510 996 3596 utrinque
1021 3508 1084 3573 alio
1100 3509 1196 3574 modo
1210 3508 1343 3590 tumido,
1367 3529 1469 3572 mem-

181 3617 285 3682 brana
317 3617 383 3683 levi
411 3631 444 3682 et
474 3615 733 3682 dimensionibus
750 3655 792 3664 -
809 3617 934 3703 speeies
958 3640 977 3680 a
1000 3615 1053 3680 W.
1079 3617 1171 3681 West
1202 3627 1233 3680 et
1254 3615 1296 3681 G.
1320 3615 1351 3681 S.
1373 3614 1468 3679 West

182 3724 345 3812 descripta
367 3724 463 3813 plane
487 3723 618 3788 diversa
641 3736 697 3790 est.

287 3832 499 3898 Xaotbr'diam
528 3831 655 3896 Smithii
679 3830 806 3895 Areher
822 3852 889 3894 var.
904 3831 1053 3896 variabile
1077 3829 1325 3913 Nordstedt,
1349 3827 1468 3894 Fresh-

180 3951 282 4004 water
306 3937 410 4025 Algae
435 3936 593 4004 eolleeted
623 3937 669 4026 by
694 3937 745 4002 Dr
768 3937 798 4002 S.
823 3939 1044 4022 Berggren
1072 3937 1107 4000 in
1131 3937 1212 4001 New
1235 3935 1378 4001 Zealand
1402 3934 1468 3999 and

181 4045 356 4128 Australis,
380 4068 454 4133 pag.
480 4047 532 4110 44.
561 4044 639 4110 Tab.
656 4043 714 4128 lv,
738 4044 790 4130 fig.
815 4045 955 4127 27-29,
979 4042 1065 4130 quod
1089 4041 1130 4106 ad
1154 4053 1320 4130 aspectum
1345 4041 1468 4106 fronta-

181 4151 244 4217 lem
269 4153 386 4239 speciei
411 4168 541 4218 nostrae
565 4150 726 4216 subaldus
750 4163 807 4235 est,
831 4150 889 4215 sed
913 4161 1045 4236 aspectu
1070 4149 1219 4213 vertioali
1242 4149 1282 4213 ob
1307 4147 1396 4236 polos
1415 4170 1467 4212 re-

180 4268 268 4322 tusos
293 4269 388 4345 atque
411 4259 538 4324 laterali
563 4259 603 4324 ob
626 4270 785 4322 tumorem
810 4257 1017 4321 rotundatum
1049 4254 1102 4320 vel
1127 4255 1344 4320 biaenleatum
1370 4252 1467 4318 valde

180 4363 331 4428 abhorret
362 4377 393 4428 et
423 4376 590 4453 praeterea
622 4363 880 4430 dimensionibus
915 4372 1012 4448 atque
1046 4361 1237 4426 membrana
1267 4360 1332 4424 lesi
1365 4357 1466 4423 multo

181 4471 244 4535 alia
268 4483 325 4536 est.
357 4474 448 4552 Quae
472 4471 583 4560 planta
607 4469 880 4536 b'ordstedtii
906 4492 980 4533 eum
1008 4470 1116 4556 speeie
1139 4469 1180 4532 ab
1204 4466 1390 4531 auctoribus
1413 4465 1466 4528 W.

179 4578 292 4644 West
316 4589 348 4642 et
371 4577 410 4644 G.
435 4579 465 4642 S.
491 4579 601 4643 Weet
625 4577 644 4641 l.
669 4601 693 4640 s.
717 4599 743 4640 o.
768 4577 828 4642 sub
852 4577 982 4640 nomine
1007 4575 1217 4640 Xanthidium
1239 4575 1387 4639 variabile
1410 4571 1467 4636 de-

180 4687 298 4774 scripta
324 4707 403 4749 uon
428 4697 492 4748 est
515 4685 723 4752 identioa.
748 4695 782 4746 ut
798 4707 839 4748 ex
855 4683 967 4748 verbis
984 4684 1127 4769 ipsorum
1151 4692 1320 4745 auctorum
1336 4681 1371 4742 in
1386 4679 1466 4742 Liu-

180 4815 263 4856 nean
280 4793 437 4882 Society's
454 4790 733 4880 Journal-Botany
759 4790 906 4854 XXVII.
930 4813 1004 4876 pag.
1022 4791 1094 4854 386.
1122 4787 1248 4874 „There
1267 4809 1322 4852 are
1345 4785 1465 4850 three
