3664 5734
1396 502 1459 568 547

186 725 262 768 vero
285 703 374 768 foras
397 705 501 770 flexus
517 707 550 770 in
568 708 748 792 marginem
772 709 971 795 superiorem
993 733 1165 797 processus
1188 714 1357 778 exterioris
1381 716 1461 798 abit3

186 832 298 896 margo
322 811 464 898 inferior,
488 813 575 878 foras
599 827 630 878 et
654 824 740 878 retro
774 814 926 901 directus,
961 816 1010 881 bis
1034 818 1160 882 modice
1196 821 1351 904 sinuatus,
1386 843 1460 886 eum

185 918 306 1004 pariete
328 917 481 984 interiore
503 941 674 1008 processus
698 924 866 986 exterioris
882 925 1098 1010 coniungitur.
1122 927 1297 992 Processus
1320 930 1461 993 exterior

187 1022 324 1112 desuper
348 1029 437 1090 visus
472 1029 566 1093 tuber
600 1027 718 1092 format
741 1051 887 1094 crassum
921 1030 1081 1118 obtusum,
1116 1035 1220 1118 magis
1252 1033 1339 1100 foras
1363 1057 1460 1120 quam

186 1133 347 1198 anteriora
371 1156 485 1198 versus
510 1135 683 1220 directum,
718 1137 861 1202 alatere
888 1140 1048 1202 exteriore
1080 1140 1171 1203 visus
1195 1140 1366 1205 dimidium
1391 1140 1459 1205 fere
1576 1201 1577 1204 ,

186 1241 334 1326 superius
368 1243 469 1328 partis
504 1241 626 1307 tibialis
661 1255 804 1331 occupat,
839 1244 909 1309 basi
934 1248 992 1308 sub
1016 1247 1181 1333 superiore
1204 1246 1335 1311 dorsum
1358 1249 1459 1335 partis

185 1345 279 1409 buius
303 1349 431 1432 attingit
466 1362 521 1413 aut
550 1371 649 1437 supra
679 1349 711 1412 id
736 1349 847 1437 paullo
870 1351 1038 1438 prominet,
1073 1351 1136 1418 late
1171 1353 1379 1438 triangularis
1403 1369 1459 1438 est,

185 1451 275 1539 apice
306 1453 554 1539 obtusiusculus,
589 1455 745 1521 lateribus
776 1457 1023 1540 inaequalibus:
1060 1461 1224 1546 superiore
1255 1483 1352 1546 quam
1374 1443 1460 1525 infe-

185 1559 252 1623 rius
276 1558 378 1626 multo
401 1561 555 1646 longiore.
592 1563 769 1628 Processus
792 1563 928 1628 inferior
952 1565 1063 1630 subter
1093 1565 1188 1630 deute
1212 1565 1285 1654 plus
1309 1568 1459 1632 minusve

184 1665 312 1730 evoluto
335 1681 476 1732 ornatur.

291 1777 448 1861 b'rr'ponue
470 1789 558 1840 atrae
581 1778 647 1862 (fig.
674 1779 722 1860 13,
749 1781 798 1860 14,
823 1781 877 1858 29)
902 1801 1074 1864 processus
1100 1781 1246 1865 superior
1270 1781 1380 1846 subter
1403 1805 1461 1846 ex-

185 1893 318 1944 cavatus
342 1894 398 1946 est.
435 1881 577 1948 alatere
612 1886 703 1948 visus
738 1887 901 1950 anteriora
934 1908 1049 1950 versus
1084 1898 1116 1950 et
1140 1909 1269 1952 sursum
1304 1887 1457 1972 directus,

184 1986 403 2073 triangularis,
427 1991 519 2076 apice
542 1994 682 2072 obtusus,
706 1990 815 2078 paullo
840 1991 989 2056 deorsum
1014 2003 1178 2078 curvatus,
1207 1993 1346 2082 desuper
1369 1996 1459 2059 virus

183 2093 247 2159 late
270 2095 490 2180 triangularis,
514 2099 605 2184 apice
629 2097 692 2162 late
709 2099 888 2183 rotundato,
912 2098 1013 2163 latere
1029 2101 1188 2165 exteriore
1212 2101 1281 2165 fere
1303 2101 1338 2165 in
1354 2100 1458 2186 longi-

183 2201 338 2288 tudinem,
362 2205 513 2268 interiore
537 2205 605 2268 fere
629 2205 662 2268 in
687 2215 910 2269 transversum
934 2205 1065 2270 directo.
1105 2207 1280 2272 Processus
1318 2209 1459 2272 exterior

183 2331 202 2372 a
224 2308 326 2374 latere
348 2313 440 2374 visus
457 2311 576 2395 brevis,
599 2311 663 2375 late
681 2311 898 2397 triangularis,
922 2313 1013 2400 apice
1029 2313 1278 2397 obtusiusculus,
1303 2315 1343 2380 ab
1367 2315 1459 2402 apice

182 2437 353 2502 processus
377 2418 539 2482 inferioris
575 2420 646 2482 sinu
673 2419 781 2482 minus
815 2418 977 2506 profundo
1001 2432 1032 2484 et
1057 2418 1204 2508 sescuplo
1239 2421 1307 2486 fere
1331 2421 1459 2506 longius

182 2545 277 2608 quam
304 2525 344 2588 ab
368 2526 459 2610 apice
483 2549 653 2612 processus
688 2528 863 2613 superioris
894 2539 1049 2609 remotus3
1085 2527 1222 2614 desuper
1257 2529 1345 2592 visus
1368 2539 1459 2592 ante·

182 2631 269 2694 riora
294 2653 408 2696 versus
433 2631 583 2716 directus,
619 2646 667 2696 sat
691 2655 799 2698 crasse
833 2632 1052 2718 triangularis,
1087 2635 1179 2721 apice
1209 2634 1283 2721 plus
1306 2636 1457 2700 minusve

183 2749 306 2805 acutus.
329 2739 506 2804 Processus
541 2740 684 2805 inferior.
721 2742 755 2803 in
778 2738 938 2828 exemplis
972 2739 1095 2826 saltem,
1129 2763 1212 2826 quae
1234 2740 1313 2824 vidi,
1348 2740 1459 2806 subter

183 2846 316 2911 inermis
339 2859 396 2910 aut
419 2847 515 2911 dente
537 2848 595 2910 vix
620 2846 685 2910 ullo
708 2857 850 2912 ornatus.

288 2952 494 3040 Exemplum,
523 2952 609 3039 qnod
633 2954 762 3018 nomine
785 2955 942 3040 lbiponoe
966 2955 1190 3040 tantosquenst'e
1213 2956 1376 3040 signatum
1392 2954 1458 3020 Cel.

182 3060 219 3124 E.
243 3059 355 3126 Simon
379 3059 518 3146 benigne
543 3083 670 3126 mecum
694 3062 956 3138 communicavit,
990 3061 1160 3149 palporum
1192 3061 1295 3126 formai
1318 3060 1359 3126 ab
1382 3063 1457 3127 Etr>

180 3187 262 3252 poan
285 3175 357 3232 atra
380 3167 580 3254 distinguere
615 3190 680 3233 non
714 3190 846 3254 possum
881 3168 946 3254 (fig.
973 3170 1033 3248 15).
1072 3167 1224 3256 Exempli
1254 3167 1351 3233 huius
1380 3190 1458 3256 pars

181 3273 347 3360 patellaris
370 3275 445 3338 040
470 3297 544 3337 mm.
569 3273 673 3360 longa,
697 3277 790 3362 apice
813 3297 888 3340 cum
911 3297 1064 3363 processu
1081 3275 1153 3340 0·31
1172 3274 1246 3358 alta,
1269 3297 1345 3362 pars
1361 3276 1456 3340 tibia-

182 3379 222 3444 lis
246 3403 345 3468 supra
368 3383 442 3446 040
466 3380 571 3465 longa,
607 3382 698 3468 apice
721 3383 797 3447 032
832 3381 906 3466 alta,
941 3381 1064 3446 lamina
1097 3381 1227 3446 tersalis
1250 3383 1326 3447 040
1361 3381 1459 3468 longa

182 3497 242 3568 est3
265 3509 437 3574 processus
460 3486 596 3552 inferior
630 3490 729 3574 partis
754 3487 874 3552 tibialis
910 3488 1005 3554 dente
1029 3486 1170 3554 obsoleto
1201 3501 1342 3573 ornatus,
1374 3499 1456 3554 cete-

182 3616 254 3658 rum
277 3617 449 3681 processus
472 3594 600 3658 tibiales
624 3595 738 3659 eadem
762 3606 837 3659 sunt
860 3594 965 3658 forme
988 3606 1083 3680 atque
1107 3596 1142 3658 in
1154 3596 1296 3682 Emporia
1319 3603 1400 3661 otro.
1415 3633 1455 3642 -

182 3702 297 3766 Variat
320 3703 456 3788 Eripere
478 3709 558 3784 aaa,
593 3703 626 3764 in
650 3701 783 3765 Polonid
806 3701 929 3785 saltem,
965 3724 1029 3766 ncn
1051 3724 1168 3791 parum
1192 3707 1322 3786 statura,
1353 3702 1457 3766 forme

180 3808 360 3896 palporum,
383 3812 546 3873 armature
570 3807 856 3893 cephalothoracis3
880 3807 1020 3894 exempli
1046 3810 1142 3874 unius
1166 3809 1359 3888 emaximis,
1375 3831 1457 3894 quae

181 3915 258 3998 vidj,
283 3914 534 4002 cephalothorax
571 3917 641 3980 1·20
665 3913 789 4001 longus,
824 3939 898 4003 pars
932 3915 1097 4003 patellaris
1120 3917 1194 3982 048
1225 3914 1331 4000 longa,
1366 3917 1456 4003 apice

182 4045 256 4088 cum
281 4045 431 4108 processu
467 4023 541 4087 034
564 4021 637 4108 atta,
660 4045 736 4111 pars
760 4021 881 4088 tibialis
913 4025 986 4088 048
1022 4022 1127 4108 longa,
1162 4023 1253 4108 apice
1285 4024 1359 4087 045
1383 4021 1456 4099 alta,

180 4128 302 4194 lamina
318 4129 446 4194 tarsalis
470 4131 545 4194 044
561 4129 658 4214 longa
670 4129 734 4214 (fig.
752 4131 819 4216 13);
836 4128 976 4217 exempli
1001 4129 1083 4193 alius
1108 4128 1358 4216 cephalothorax
1376 4131 1457 4212 107,
1547 4137 1551 4148 “

180 4259 256 4324 pars
279 4236 445 4322 patellaris
469 4237 544 4301 034
567 4237 671 4322 longa,
695 4238 769 4302 026
794 4235 866 4320 alta,
902 4259 975 4323 pars
999 4235 1120 4300 tibialis
1143 4237 1218 4300 036
1241 4235 1347 4322 longa,
1381 4235 1456 4299 029

182 4343 254 4427 alta,
278 4343 400 4408 lamina
430 4343 559 4408 tarsalis
593 4345 667 4408 042
702 4343 814 4429 longa3
849 4342 1071 4428 exemplorum
1104 4341 1240 4406 duorum
1271 4364 1456 4430 parvorum,

182 4449 447 4538 cephalothorace
469 4452 545 4515 094
568 4450 673 4536 longe,
695 4473 771 4538 pars
794 4448 962 4537 patellaris
985 4451 1180 4515 024-026
1205 4447 1309 4534 longa,
1333 4450 1452 4514 019-

181 4559 253 4622 023
278 4557 351 4642 alta,
374 4579 451 4646 pars
474 4557 596 4622 tibialis
619 4559 693 4623 029
717 4557 822 4644 longa,
857 4559 969 4622 031-
978 4558 1052 4622 032
1078 4555 1151 4641 alta,
1180 4555 1303 4619 lamina
1326 4554 1454 4620 tarsalis

180 4666 373 4730 037-036
396 4665 494 4750 longa
528 4666 591 4751 (fig.
619 4667 681 4749 14).
715 4665 879 4750 Margines
914 4663 1189 4751 cephalothoracis
1224 4684 1455 4748 nonnunquam

179 4771 212 4836 in
236 4771 395 4860 exemplis
418 4771 581 4836 Polonieis
605 4771 745 4837 similem
769 4773 803 4836 in
828 4771 958 4835 modum
982 4781 1150 4836 armantur
1172 4768 1345 4835 denticulis
1361 4781 1456 4856 atquc
