3664 5734
1380 471 1444 536 543

172 681 324 769 Exempli
348 679 614 771 cephalothorace
641 683 711 748 l·lb
735 705 810 746 555.
834 681 931 767 longo
952 704 1029 771 pers
1052 681 1217 770 patellaris
1241 683 1445 769 03915555,

173 809 249 852 cum
271 811 425 875 processu
449 788 566 876 spiculi
589 790 663 854 029
688 786 760 872 alta,
786 809 861 876 pars
884 788 1005 854 tibialis
1028 790 1101 854 031
1127 789 1231 876 longe
1256 791 1347 877 apice
1370 791 1446 856 034

171 893 244 980 slts7
265 917 343 982 pars
366 894 495 960 tursalis
517 897 591 960 0·46
616 895 753 980 155551).

277 1001 352 1066 Alia
385 1003 509 1090 species
546 1003 703 1087 15155555
737 1005 911 1089 1559155151
941 1002 982 1068 55
1016 1001 1152 1067 formem
1188 1005 1289 1090 partis
1323 1002 1444 1068 tibialis

170 1108 286 1174 similis
325 1111 461 1196 Ertyorw
497 1116 613 1174 remoto
636 1109 673 1174 L.
696 1108 791 1174 Koch
822 1121 878 1174 est.
914 1110 966 1174 Ad
991 1108 1228 1196 longitudinem
1266 1131 1341 1197 pars
1364 1109 1445 1175 haec

169 1217 276 1280 variet
298 1217 395 1280 etiarn
419 1215 451 1278 iu
476 1216 514 1280 Ε.
538 1221 654 1282 remold
677 1215 856 1281 secundum
881 1227 1036 1280 staturam
1060 1216 1291 1304 exemplorum,
1315 1228 1444 1282 etcum

169 1323 386 1388 crassitudine
409 1323 540 1410 proprie
556 1334 611 1388 eut
627 1345 701 1388 cum
724 1323 927 1408 longitudine
949 1324 1051 1410 pertis
1074 1323 1237 1410 patellaris
1261 1334 1445 1411 comparata

169 1429 296 1516 longior
319 1441 368 1494 est
392 1431 424 1493 in
448 1429 606 1518 exemplis
641 1432 768 1515 magnis
792 1452 889 1516 quem
912 1431 946 1494 in
969 1431 1094 1517 parvis:
1129 1431 1269 1517 exempli
1296 1430 1445 1519 cephalo-

169 1537 302 1602 thorucc
328 1539 377 1602 1·4
400 1560 476 1600 mm.
499 1536 595 1622 longo
617 1559 693 1624 pars
717 1534 884 1624 patellaris
907 1538 990 1620 066,
1012 1559 1089 1624 pars
1105 1536 1226 1602 tibialis
1242 1538 1316 1603 059
1341 1538 1445 1622 longa,

170 1645 361 1733 55155036
386 1643 459 1728 slte⁷
493 1666 568 1730 pers
603 1642 963 1730 1555511505515555
998 1643 1140 1731 exempli
1179 1643 1444 1731 cephalothorace

171 1753 242 1818 125
266 1750 363 1836 longo
386 1774 462 1838 pars
484 1750 649 1838 patellaris
673 1752 747 1816 056
771 1750 878 1836 longe,
901 1750 1022 1816 tibialis
1045 1752 1120 1818 052
1143 1750 1249 1835 louge,
1273 1751 1347 1816 035
1371 1751 1445 1836 alta,

169 1857 398 1924 5155115053
422 1857 525 1944 longe
551 1859 670 1922 Differt
693 1871 800 1921 autern
826 1880 844 1922 5
866 1857 1136 1944 praecedentibus
1171 1859 1308 1944 Elipeus
1331 1865 1444 1923 remoto

168 1987 323 2054 processu
349 1965 512 2052 superiore
535 1966 636 2053 pertis
660 1963 790 2048 tibialis,
825 1987 926 2050 quum
948 1985 1023 2052 pers
1046 1963 1126 2029 5555
1161 1965 1284 2030 directo
1308 1963 1446 2052 desuper

168 2072 351 2158 adspicitur
373 2072 438 2157 (fig.
461 2073 525 2156 21),
556 2072 687 2134 omniuo
721 2071 835 2136 obtuso
858 2070 955 2156 (latus
979 2073 1121 2136 exterius
1155 2093 1325 2158 processus
1348 2070 1445 2135 huius

169 2179 297 2244 fortiter
320 2179 494 2266 obliquum,
519 2181 623 2264 magis
647 2180 735 2242 intus
758 2201 854 2264 quam
880 2179 1040 2242 anteriora
1063 2201 1177 2244 versus
1200 2178 1360 2242 directum
1384 2182 1444 2258 est)

168 2299 200 2352 et
223 2325 266 2334 —
291 2287 399 2350 miuus
422 2286 592 2352 evidenter
614 2285 745 2372 quidem
773 2324 805 2332 -
835 2307 986 2372 processu
1011 2287 1169 2350 exteriore
1185 2285 1313 2370 longius
1337 2308 1356 2349 5
1370 2307 1445 2372 pro-

168 2416 263 2462 cessu
288 2393 439 2458 inferiore
463 2404 597 2458 remoto:
621 2415 722 2479 quum
757 2393 879 2457 directo
903 2415 921 2456 5
943 2391 1043 2456 latere
1077 2393 1238 2456 exteriore
1266 2391 1446 2478 adspicitur

167 2523 244 2590 pars
267 2500 389 2566 tibialis
409 2500 473 2586 (fig.
491 2501 533 2584 6),
556 2523 639 2587 apex
661 2521 832 2586 processus
856 2498 1025 2564 exterioris
1052 2498 1149 2586 triplo
1172 2497 1300 2584 lougius
1325 2498 1445 2564 distare

169 2608 302 2674 videtur
332 2607 374 2672 55
408 2609 500 2695 55155
536 2629 708 2694 processus
742 2605 907 2670 inferioris
945 2629 1042 2692 quam
1077 2605 1117 2670 ab
1142 2606 1233 2693 55155
1256 2607 1445 2692 superioris3

168 2713 317 2803 paullulo
348 2714 498 2778 deorsum
533 2714 675 2778 directus
710 2723 759 2777 est
781 2712 834 2776 hic
865 2735 1036 2800 processus
1060 2725 1092 2777 et
1118 2711 1283 2776 levissime
1315 2735 1443 2776 sursum

172 2832 340 2904 curvatus3
365 2844 448 2908 apex
470 2843 642 2907 processus
666 2821 841 2907 superioris
865 2842 884 2883 5
907 2817 1006 2884 latere
1030 2820 1120 2884 visus
1143 2818 1289 2898 obtusus;
1313 2841 1444 2906 proces-

171 2952 227 2994 sus
250 2927 386 2992 inferior
402 2927 513 2992 subter
529 2927 624 2992 deute
641 2926 730 2990 nullo
746 2938 886 2990 ornatus.
911 2927 1059 3014 Desuper
1083 2926 1163 2990 dens
1180 2927 1321 2991 exterior
1336 2926 1444 3014 paullo

171 3036 364 3100 incurvatus
387 3034 525 3115 videtur,
560 3035 652 3122 spice
685 3035 858 3118 insigniter
891 3032 1021 3120 oblique
1050 3034 1444 3118 emargiuetotruucstus,

171 3141 290 3227 angulo
314 3143 474 3206 exteriore
498 3139 626 3226 longius
649 3139 819 3227 producto3
842 3153 918 3204 note
940 3139 1020 3204 5555
1043 3149 1151 3204 tamen
1175 3139 1312 3204 fortasse
1335 3139 1444 3228 paullo

170 3247 335 3314 mutabilis
358 3259 412 3313 est

276 3355 383 3420 Dente
417 3357 576 3420 exteriore
611 3353 814 3442 complanato
838 3366 869 3420 et
891 3375 1043 3442 processu
1079 3356 1244 3442 superiore
1278 3356 1312 3418 15
1344 3354 1444 3422 latere

171 3463 339 3548 exteriore,
362 3473 397 3528 ut
420 3463 454 3525 in
477 3464 620 3548 5115555
643 3465 817 3548 1555155151
840 3473 871 3526 et
895 3461 1057 3546 affinibus,
1089 3484 1154 3525 non
1178 3463 1287 3526 exciso
1312 3473 1445 3528 ornetur

170 3571 267 3634 etiem
290 3591 366 3656 pars
390 3568 511 3635 tibialis
534 3571 691 3656 51155555
714 3593 826 3653 caprae
841 3569 877 3632 E.
895 3568 986 3649 Sim.;
1009 3568 1105 3632 huius
1129 3590 1299 3656 processus
1323 3568 1444 3634 tibialis

171 3677 319 3764 superior
341 3675 479 3763 desuper
501 3677 592 3740 visus
623 3677 688 3761 (fig.
713 3678 768 3752 23)
791 3675 855 3739 late
878 3675 1069 3739 rotundatos
1100 3685 1148 3740 est
1171 3697 1275 3762 55555
1298 3676 1445 3760 triangu-

170 3781 256 3867 laris,
280 3783 382 3846 multo
406 3793 512 3848 tumen
538 3785 642 3868 magis
666 3805 795 3846 sursum
820 3783 963 3846 directus
986 3781 1051 3866 (fig.
1070 3783 1101 3864 7)
1125 3803 1221 3867 quam
1246 3782 1280 3845 in
1303 3783 1445 3869 Eripona

169 3898 293 3974 remoto,
317 3890 371 3975 ite,
396 3891 486 3956 utin
511 3889 610 3954 latere
634 3891 740 3954 antico
765 3900 951 3974 excavatus,
984 3890 1020 3952 in
1043 3887 1166 3976 postico
1190 3911 1355 3953 convexus
1379 3887 1444 3952 dici

169 3998 279 4087 possit„
313 4018 418 4084 neque
453 3996 565 4062 subter
598 4008 785 4080 excavatus,
820 4018 918 4084 supra
953 4019 1119 4060 convexus
1143 4007 1178 4059 ut
1202 3997 1235 4058 in
1259 3996 1297 4060 Ε.
1321 3999 1444 4060 555515.

170 4107 304 4193 Apicem
330 4127 444 4170 versus
467 4103 569 4168 multo
604 4103 720 4168 lortius
755 4103 908 4190 ampliate
937 4114 986 4167 est
1007 4105 1116 4188 itaquo
1139 4124 1214 4189 pars
1244 4102 1324 4167 5555
1347 4123 1442 4188 quam

169 4211 203 4275 iu
227 4213 265 4276 Ε.
292 4219 415 4277 remoto
439 4223 470 4275 et
494 4234 593 4298 55555
618 4209 684 4275 elta
707 4212 798 4297 55155
822 4221 916 4296 utque
948 4231 1046 4297 supra
1076 4208 1173 4294 louge
1195 4211 1241 4294 (in
1266 4211 1305 4274 Ε.
1329 4217 1445 4274 remoto

170 4317 270 4382 multo
294 4317 421 4403 longior
444 4339 542 4405 supra
565 4341 661 4404 quem
686 4319 777 4405 apice
800 4316 885 4402 altu).
914 4319 1008 4403 Apcx
1032 4315 1138 4381 dentis
1162 4317 1331 4380 exterioris
1356 4315 1445 4380 515·

277 4591 296 4652 1)
316 4585 399 4639 Huius
418 4587 557 4637 varietatis
578 4583 767 4650 „mart'lt'moe‘l
788 4601 830 4650 5.,
845 4585 967 4650 exemplu
977 4585 1082 4634 nornine
1093 4583 1141 4634 Er.
1153 4579 1317 4648 lonyipalpt's
1330 4584 1444 4649 signatu,

171 4677 327 4728 Britannico
345 4677 413 4727 dono
426 4677 491 4726 mihi
510 4676 584 4726 dedit
607 4677 670 4726 Rev.
682 4677 712 4725 O.
724 4676 752 4725 P.
764 4674 979 4739 Cambridge,
996 4673 1102 4724 Gallice
1120 4673 1174 4723 Cel.
1194 4674 1223 4722 E.
1244 4673 1369 4737 Simon3
1387 4673 1444 4736 ipse

171 4766 222 4833 legi
242 4783 342 4817 marem
363 4781 444 4816 unum
463 4773 489 4816 ct
508 4767 622 4816 semines
641 4780 741 4830 paneas
761 4765 787 4814 in
807 4763 897 4814 155515
915 4763 1003 4814 Friuis
1021 4763 1183 4826 Norderucy.
