3664 5734
377 487 442 550 548

377 699 410 762 iu
434 697 593 786 exemplis
617 695 754 762 Gallicis
777 721 796 760 a
819 695 886 763 Oel.
909 696 946 760 Ε,
970 695 1162 762 simonio
1185 694 1370 780 descriptis3
1394 693 1524 780 saepius
1547 702 1650 756 tamen

378 828 476 892 snpra
499 827 597 868 coxas
620 803 670 868 IV
693 801 895 868 denticulum
931 802 1026 865 modo
1060 803 1222 886 utrimque
1264 799 1360 863 modo
1394 802 1429 862 in
1463 821 1528 862 uno
1556 798 1651 864 latere

379 935 480 975 unnm
503 912 660 998 praebent
683 923 738 974 aut
760 911 902 975 inermes
926 919 1014 984 sunt;
1038 907 1193 972 denticuli
1218 907 1395 972 anteriores
1415 905 1489 993 plus
1505 907 1652 970 minusve

378 1017 513 1100 evoluti3
537 1017 839 1082 commemoratione
857 1015 991 1101 dignum
1008 1015 1140 1080 videtur
1151 1013 1335 1102 exemplum
1362 1035 1501 1101 parvum
1525 1011 1653 1100 (cepha-

379 1124 541 1190 lothorace
563 1127 638 1190 oet
662 1124 770 1208 longo)
793 1122 996 1208 marginibus
1031 1119 1306 1209 cephalothoraeis
1339 1141 1443 1208 paene
1465 1119 1652 1203 inermibus,

379 1232 473 1296 modo
496 1253 594 1318 supra
618 1253 716 1295 coxas
741 1231 757 1294 I
781 1229 955 1294 denticulis
990 1229 1161 1315 perpaucis
1185 1228 1320 1291 minutis
1344 1237 1505 1302 ornatum.v
1529 1225 1653 1290 mandi-

378 1338 463 1404 bulis
488 1340 569 1402 serie
593 1337 833 1403 denticulorum
868 1348 1007 1423 quatuor
1028 1357 1204 1424 parvorum
1240 1339 1403 1421 (supremo
1426 1334 1653 1411 minutissimo)

379 1447 520 1509 armatis.
545 1443 649 1508 Bulbo
672 1444 804 1529 genitali
842 1445 979 1529 Idripoae
1014 1445 1239 1528 lentosqueostr
1273 1463 1339 1506 non
1370 1441 1502 1504 differre
1526 1440 1655 1504 videtur

379 1553 418 1616 ab
444 1554 584 1638 sepone
608 1559 688 1617 atra.
711 1549 929 1615 Probabiliter
952 1551 1059 1636 itaque
1083 1549 1220 1634 Eriyone
1243 1548 1468 1634 brutosquensis
1491 1570 1555 1620 non
1584 1569 1654 1634 spe-

380 1661 445 1724 cies
469 1672 518 1724 est
542 1659 671 1745 propria
694 1657 751 1723 sed
775 1657 879 1722 forma
904 1657 997 1721 modo
1021 1655 1061 1721 ab
1094 1657 1235 1742 Eripond
1259 1659 1332 1722 otrd
1355 1655 1466 1745 typica
1491 1657 1524 1718 in
1547 1653 1655 1719 Gallis

379 1765 509 1851 quidem
534 1765 694 1838 distincta
719 1765 772 1828 sed
799 1764 911 1828 formis
942 1763 1144 1828 intermediis
1167 1761 1248 1826 alias
1278 1773 1381 1826 terras
1405 1769 1467 1842 (ex.
1492 1784 1539 1846 gr.
1564 1760 1654 1824 Polo-

379 1873 479 1952 uiam)
503 1871 720 1936 incolentibus
745 1893 818 1935 cum
844 1875 882 1936 ea
906 1871 1087 1935 coniuncta.

487 1979 621 2064 diripuere
645 1981 788 2064 luporum
812 1979 848 2042 ll.
872 1977 949 2042 Sim.
973 1977 1097 2064 species
1121 1989 1171 2042 est
1194 1999 1213 2040 a
1236 1975 1369 2062 reliquis
1393 1975 1544 2040 omnibus
1567 1975 1656 2038 simi-

380 2085 466 2150 libus
491 2085 595 2149 forma
617 2087 718 2171 partis
741 2084 862 2148 tibialis
887 2084 1007 2148 eximie
1031 2083 1191 2148 distincta
1215 2093 1304 2148 caret
1319 2085 1406 2148 enim
1422 2105 1575 2169 processu
1600 2103 1656 2146 ex-

380 2194 497 2257 teriore
520 2192 585 2276 (fig.
614 2195 672 2270 16).
709 2193 789 2256 Eius
823 2211 995 2278 processus
1030 2189 1152 2254 tibialis
1176 2192 1323 2276 superior
1357 2191 1453 2254 etium
1480 2200 1528 2252 est
1552 2187 1655 2252 forma

379 2299 488 2387 paullo
512 2297 641 2362 insolita
663 2299 729 2384 (fig.
746 2300 813 2378 aot:
838 2300 985 2381 margine
1010 2298 1116 2362 antico
1139 2299 1172 2359 iu
1198 2299 1305 2359 sinum
1329 2296 1433 2360 levem
1460 2297 1578 2378 exciso,
1601 2317 1654 2358 an·

380 2405 457 2491 gulo
482 2407 589 2470 antico
613 2407 771 2470 exteriore
795 2407 903 2490 itaque
928 2405 1036 2491 paullo
1069 2402 1235 2490 producte,
1272 2404 1386 2468 obtuso
1410 2403 1560 2484 (fumasse
1583 2423 1652 2488 pro

380 2535 490 2577 cessus
514 2513 661 2598 superior
683 2511 802 2597 speciei
827 2511 921 2574 huius
936 2512 1143 2598 processibus
1168 2511 1324 2596 superiori
1340 2521 1372 2574 et
1387 2510 1550 2592 exteriori,
1572 2510 1654 2572 inter

381 2643 414 2684 se
437 2621 568 2682 omnino
603 2619 748 2682 confusis
783 2619 997 2704 respoudetll.
1031 2619 1070 2681 Iu
1107 2617 1264 2702 exemplis
1299 2616 1434 2681 duobus.
1470 2616 1554 2679 dono
1577 2614 1653 2678 mihi

381 2749 400 2790 a
423 2725 488 2791 Cel.
512 2727 548 2790 E.
573 2725 762 2792 Simouio
787 2725 879 2808 datis,
904 2723 1155 2809 cephaluthorux
1182 2725 1231 2786 la
1255 2747 1330 2786 mm.
1355 2721 1480 2807 longus,
1504 2745 1578 2808 pars
1600 2745 1654 2809 pa-

380 2832 503 2898 tellaris
528 2835 602 2897 utu
627 2831 732 2917 longa
768 2833 859 2917 apice
884 2853 959 2895 cnm
984 2853 1136 2918 processu
1161 2832 1235 2895 0-33
1260 2831 1333 2895 alta.
1359 2853 1434 2918 pars
1459 2829 1581 2894 tibialis
1604 2855 1654 2893 su-

382 2963 438 3026 pra
461 2943 536 3004 cta
559 2939 664 3023 longa.
689 2941 780 3024 apice
803 2941 875 3003 037
901 2937 974 3020 alta
999 2937 1120 3002 lamina
1144 2937 1272 3002 tarsalis
1288 2939 1360 3003 bat
1378 2937 1475 3022 longa
1498 2947 1555 3002 est.
1577 2939 1654 3002 Pro-

382 3069 492 3110 cessus
516 3046 636 3110 tibialis
662 3049 808 3132 superior
831 3046 941 3110 subter
965 3055 1156 3127 excavatus3
1180 3046 1341 3130 perseius
1358 3046 1501 3109 exterior
1524 3067 1544 3108 a
1558 3044 1655 3110 latere

381 3155 538 3217 exteriore
563 3155 634 3217 visa
657 3175 785 3216 sursum
802 3166 833 3216 et
850 3153 1011 3216 anteriora
1033 3175 1148 3216 versus
1172 3152 1304 3236 directa,
1329 3150 1473 3237 paullulo
1489 3173 1655 3236 procurva

382 3259 522 3344 gracilis,
546 3262 638 3343 apice
661 3259 804 3345 paullulo
828 3259 914 3324 ultra
937 3261 1116 3344 marginem
1148 3260 1248 3344 partis
1273 3260 1442 3342 interioris,
1467 3267 1522 3344 qui
1546 3279 1655 3323 arcum

382 3389 483 3452 paene
507 3367 548 3430 ad
572 3365 839 3452 perpendiculum
864 3367 1032 3450 directum,
1057 3365 1173 3430 leviter
1196 3389 1379 3431 convexum
1404 3365 1544 3430 formare
1567 3365 1656 3430 vide-

382 3486 443 3556 tur,
459 3475 670 3558 prominenti.
693 3473 818 3558 'Margo
852 3475 952 3558 partis
976 3472 1096 3537 tibialis
1128 3475 1267 3537 exterior
1291 3473 1376 3535 inter
1399 3474 1507 3558 apices
1530 3493 1656 3557 proces-

383 3603 478 3643 suum
502 3581 676 3666 superioris
712 3592 743 3644 et
765 3579 929 3643 inferioris
964 3581 997 3642 iu
1021 3579 1177 3664 angulum
1212 3579 1321 3662 latum,
1357 3577 1507 3643 cruribus
1542 3577 1656 3643 leviter

383 3689 535 3752 concavis
559 3689 689 3751 excisus
713 3697 770 3750 est.
806 3688 956 3772 Desuper
991 3687 1082 3750 visus
1122 3707 1292 3770 processus
1328 3686 1474 3770 superior
1498 3687 1655 3750 anteriora

383 3816 496 3859 versus
521 3805 553 3859 et
575 3792 683 3880 paullo
707 3793 793 3856 frares
828 3793 979 3860 directus.
1014 3792 1171 3856 lateribus
1206 3792 1329 3878 apicem
1367 3814 1483 3856 versus
1514 3792 1655 3878 paullulo

383 3905 467 3966 inter
491 3925 524 3966 se
548 3901 888 3986 appropinquantibus,
912 3901 1002 3986 apice
1020 3899 1082 3964 late
1098 3913 1127 3964 et
1145 3898 1274 3985 oblique
1297 3909 1466 3964 truncatus
1490 3910 1521 3964 et
1544 3899 1656 3963 leviter

383 4011 539 4089 sinuatus,
565 4019 599 4072 ut
622 4007 859 4092 supradictum
876 4019 932 4089 est,
957 4006 1086 4091 augulis
1109 4005 1299 4071 rotundatis.
1323 4007 1500 4070 Processus
1524 4006 1656 4071 inferior

288 4121 292 4128 '
382 4115 494 4180 subter
517 4116 659 4178 inermis.

490 4223 626 4306 Ert'pooe
646 4219 850 4307 pruminirolo
885 4220 1021 4306 (suad),
1057 4221 1205 4306 Eriqouia
1229 4221 1366 4307 propriis
1390 4231 1482 4305 parte
1512 4219 1655 4306 patellari

385 4328 552 4416 palporum
577 4327 688 4392 subter
711 4329 745 4390 in
770 4329 861 4412 apice
896 4327 991 4392 dente
1014 4331 1126 4392 ornata
1150 4326 1275 4412 similis,
1311 4329 1419 4392 differt
1446 4327 1488 4392 ab
1510 4328 1558 4392 eis
1581 4329 1656 4392 iusi·

382 4437 490 4520 guiter
526 4435 630 4498 forma
664 4437 763 4518 partis
798 4434 928 4498 tibialia.
965 4435 1055 4498 Haec
1091 4434 1154 4520 (fig.
1180 4437 1234 4517 67)
1259 4437 1384 4519 apicem
1420 4457 1536 4498 versus
1559 4455 1656 4520 paens

384 4541 596 4626 aequabiliter
624 4541 758 4604 dilatata
792 4552 848 4610 est,
884 4562 1035 4625 processu
1071 4541 1159 4604 infra
1196 4543 1256 4605 situ
1291 4552 1379 4606 caret
1403 4546 1528 4625 (margo
1552 4551 1655 4605 tamen

383 4647 519 4734 apiculis
543 4647 679 4712 inferior
703 4647 819 4712 leviter
841 4661 993 4712 arcuatus
1017 4671 1036 4711 a
1059 4647 1160 4713 latere
1185 4650 1273 4712 visus
1300 4648 1430 4712 dentem
1454 4647 1594 4711 formare
1611 4648 1657 4710 vi-

383 4753 478 4817 detur
501 4755 627 4818 modice
650 4757 891 4840 prominentem.
915 4765 1067 4834 acutuml,
1091 4777 1189 4840 supra
1213 4777 1291 4818 vero
1307 4753 1511 4842 processibus
1534 4753 1657 4818 duobus
