3664 5734
389 521 455 584 ΜΟ

386 731 501 797 inutile
524 730 655 797 videtur
671 732 875 818 aliquatenus
892 732 1042 819 supplere
1058 731 1301 818 descriptiones.
1326 755 1409 819 quae
1425 745 1564 816 exstant,
1588 733 1661 798 Eri-

384 859 547 926 ponaretm,
571 839 815 924 Europaearnm
839 839 967 921 saltem3
995 839 1054 904 has
1078 841 1164 904 enim
1189 843 1280 924 solae,
1304 862 1416 905 omnes
1440 839 1571 926 quidem
1584 842 1609 926 ¹)
1625 880 1661 886 —

387 947 421 1010 in
445 946 540 1011 fallor
567 985 605 993 -
632 948 768 1031 cognovi
793 947 923 1010 adiutus
947 947 1104 1012 beneficio
1127 946 1282 1011 Virorum
1299 947 1574 1012 doctissimorum:
1599 945 1663 1012 Cel.

387 1053 423 1118 Ε.
448 1053 630 1120 Simonii
671 1065 702 1118 et
725 1055 803 1118 Rev.
834 1052 872 1118 O.
903 1055 935 1118 P.
966 1053 1261 1138 Cambridgei‚
1297 1052 1415 1140 quibus
1450 1075 1509 1139 pro
1543 1054 1664 1118 eximia

386 1181 496 1224 eorum
520 1159 714 1224 liberalitate
737 1161 858 1244 gratias
882 1160 1041 1224 maximas
1065 1183 1133 1246 ago.

493 1375 698 1462 Synonymia
723 1376 933 1460 Ertpormrum
956 1375 1199 1459 Europeearum
1223 1373 1367 1460 paullulo
1384 1374 1587 1440 emendanda
1608 1385 1665 1438 est.

385 1482 530 1567 Erigone,
553 1504 648 1566 quam
674 1481 750 1545 olim
776 1482 853 1546 Rev.
870 1483 907 1548 Ο.
925 1483 957 1546 P.
982 1481 1215 1566 Cambridge
1237 1503 1295 1567 pro
1312 1481 1417 1546 forma
1432 1481 1572 1567 Anglied
1589 1481 1667 1547 Eri-

384 1609 481 1673 ponae
505 1590 693 1674 lonpipulpt'r
716 1586 842 1670 (Sund.)
872 1588 967 1651 Thor.
999 1588 1155 1673 habuitll,
1189 1590 1313 1674 species
1345 1599 1393 1652 est
1417 1627 1458 1636 --
1483 1587 1665 1653 secundum

386 1693 535 1781 exempla
560 1694 600 1759 ab
624 1697 693 1782 ipso
717 1697 858 1760 Auctore
882 1696 1021 1782 benigne
1053 1696 1290 1760 communicata
1315 1733 1354 1742 -
1379 1695 1420 1760 ab
1452 1697 1490 1760 Ε.
1513 1697 1667 1782 torryipat-

381 1803 421 1886 pi
436 1804 521 1870 ,vera
545 1801 706 1884 (Suecicd)
730 1801 892 1887 distincta
917 1825 955 1867 ea
978 1801 1118 1888 quidem,
1153 1823 1248 1887 qnam
1274 1802 1360 1866 infra
1383 1803 1572 1867 varietatem
1596 1824 1666 1868 mo·

386 1911 525 1974 adlimam
548 1910 705 1995 Emporiae
728 1911 860 1975 creticae
882 1907 1058 1996 appellabo
1083 1908 1200 1973 Eidem
1215 1909 1364 1973 varietati
1389 1909 1546 1995 Erigonae
1568 1911 1668 1974 arefi-

387 2037 437 2080 cac
460 2014 689 2101 subiungenda
711 2026 760 2080 est
783 2018 919 2103 Erigone
942 2019 1130 2102 loupipalpie
1153 2039 1172 2080 a
1195 2015 1262 2082 Oel.
1286 2015 1322 2080 E.
1339 2015 1517 2082 Simonio
1540 2015 1667 2080 deseri-

385 2135 440 2209 pta
462 2123 497 2186 in
524 2123 608 2210 „Les
632 2121 835 2188 Arachnides
860 2123 900 2187 de
926 2123 1070 2187 Francc“
1097 2121 1159 2186 vol.
1184 2125 1214 2207 5,
1239 2143 1309 2208 pag.
1334 2125 1420 2205 5153
1443 2123 1580 2208 Eripere
1603 2143 1666 2187 me-

385 2231 552 2294 ridionalis
576 2230 721 2295 eiusdem
746 2231 898 2294 Auctoris
921 2230 956 2314 (l.
978 2251 1013 2314 e,
1037 2252 1108 2315 pag.
1134 2232 1210 2315 517)
1234 2241 1341 2294 autem
1366 2228 1478 2294 eadem
1503 2242 1552 2294 est
1568 2243 1667 2316 atque

386 2339 522 2422 Altporre
546 2339 734 2422 lorrpipolpis
757 2335 883 2422 (Sund.)
907 2337 1003 2400 Ther.
1027 2336 1199 2422 (Exempla
1222 2337 1380 2422 Erigonae
1401 2338 1615 2402 meridionalis
1631 2347 1667 2401 et

386 2445 423 2507 Ε.
447 2445 636 2529 lortpipolpis
660 2466 737 2508 snae
761 2442 827 2509 cel.
845 2445 881 2508 E.
906 2445 1048 2510 Simon
1072 2443 1212 2528 benigne
1237 2465 1364 2508 mecum
1388 2443 1666 2530 communicavit).

385 2551 522 2635 Eripone
545 2549 670 2616 Fatue
693 2551 729 2616 Ο.
756 2535 788 2614 Ρ.
813 2549 941 2616 Gambr.
969 2552 1052 2616 1898
1067 2555 1092 2631 ³)
1123 2549 1260 2614 fortasse
1285 2550 1409 2615 semina
1432 2561 1481 2614 est
1504 2551 1666 2636 aitqaue

381 2658 620 2742 psychropbiloe
644 2657 747 2724 Thor..
772 2653 894 2721 femina
918 2671 1035 2738 antem,
1067 2679 1164 2744 quam
1187 2657 1266 2721 Rev.
1291 2656 1328 2723 Ο.
1352 2657 1386 2722 P.
1411 2656 1666 2742 Cambridge

385 2765 542 2850 Erigonae
572 2765 813 2849 psycbropltiloe
846 2764 1107 2848 subiungendum
1139 2765 1265 2829 censuit
1299 2764 1331 2847 (l.
1367 2767 1415 2848 c),
1450 2763 1586 2828 fortasse
1620 2762 1665 2827 ad

385 2872 557 2956 Eriponom
581 2870 886 2951 o1·ctioom(White)
911 2871 948 2936 Ο.
973 2873 1007 2934 P.
1030 2871 1159 2938 Gambr.
1183 2873 1330 2957 pertinet.
1359 2911 1394 2920 -
1421 2873 1557 2957 Erigone
1580 2870 1664 2935 Nor-

386 2977 514 3063 vegiam
539 2978 699 3043 borealem
724 2977 877 3062 incolent,
912 2975 1020 3044 aCel.
1049 2978 1177 3042 Erubr.
1213 2977 1418 3044 Strandio
1442 3018 1483 3026 —
1508 3000 1602 3063 quern
1627 2979 1663 3040 in

384 3103 535 3170 errorem,
567 3083 657 3152 eheu.
692 3087 760 3170 ipse
792 3086 916 3150 conieci
944 3125 981 3131 --
1009 3099 1043 3148 ut
1066 3087 1204 3171 Emporia
1237 3087 1425 3172 lonpt‘pctpie
1459 3084 1584 3170 prolata
1605 3085 1662 3148 in:

388 3186 617 3276 „Theridiiden
642 3215 700 3255 aus
724 3190 797 3256 dem
830 3191 1019 3257 nordliehen
1055 3191 1256 3277 Norwegen“
1294 3190 1429 3269 (Archiv
1464 3191 1515 3256 for
1538 3191 1664 3256 Mathe-

385 3298 488 3362 matik
511 3323 552 3384 og
575 3299 875 3379 Naturvidenslrali‚
898 3299 960 3363 vol.
985 3301 1037 3382 24,
1061 3321 1108 3362 nr.
1125 3302 1155 3384 2,
1178 3321 1250 3386 pag.
1267 3299 1322 3380 63)
1346 3321 1411 3362 non
1434 3309 1484 3364 eet
1507 3301 1661 3385 lonpipal-

381 3408 434 3490 pis
458 3406 515 3470 sed
539 3409 675 3492 Eripouo
698 3408 812 3470 arctico
837 3406 972 3490 (White)
996 3407 1033 3472 O.
1057 3407 1091 3470 P.
1115 3407 1243 3472 Gambr.

492 3618 572 3683 Pars
596 3619 717 3684 tibialis
741 3619 909 3706 palporum
946 3622 1045 3684 maris
1080 3623 1236 3706 Eripertoe
1264 3623 1406 3706 repentia
1437 3619 1511 3686 Sav.
1535 3621 1658 3706 apicem

384 3749 498 3790 versus
523 3727 649 3790 modice
672 3727 825 3812 ampliata
848 3737 903 3810 est,
928 3727 968 3790 ad
993 3729 1117 3812 apicem
1142 3749 1208 3790 non
1231 3739 1286 3791 aut
1311 3749 1375 3791 non
1399 3726 1499 3791 multo
1520 3727 1613 3792 latior
1628 3739 1660 3792 et

384 3854 448 3896 non
473 3832 574 3897 multo
599 3835 738 3897 crassior
761 3856 858 3920 quam
883 3856 957 3919 pars
983 3832 1154 3919 petebatis,
1183 3855 1203 3897 a
1226 3833 1327 3899 latere
1354 3835 1422 3898 visa
1446 3857 1544 3920 supra
1568 3833 1658 3899 inodo

385 3939 528 4024 dimidio,
552 3941 648 4003 modo
672 3940 779 4026 paullo
803 3941 876 4025 plus
900 3941 999 4027 duplo
1023 3942 1150 4026 longior
1163 3963 1260 4026 qnam
1278 3963 1375 4028 prope
1399 3943 1526 4028 apicem
1550 3963 1657 4006 crassa

493 4193 511 4256 1)
530 4191 645 4242 ll'ervenr
662 4190 783 4256 poscatis
803 4194 831 4241 Ο.
853 4194 880 4241 P.
901 4194 1006 4242 Cambr.
1028 4191 1096 4243 1873
1115 4193 1216 4252 (Trans.
1238 4193 1313 4241 Linn.
1335 4193 1392 4242 Soc.
1412 4191 1531 4250 Londou,
1551 4193 1602 4241 vol.
1615 4190 1656 4254 28,

385 4297 443 4347 pag.
465 4280 524 4342 bl2,
546 4283 598 4330 tab.
619 4281 662 4340 46,
683 4281 724 4346 fig.
748 4281 798 4344 12),
818 4299 897 4346 quum
917 4297 1000 4344 nuper
1021 4281 1083 4329 llev.
1105 4280 1134 4330 Ο.
1149 4281 1177 4330 P.
1198 4281 1408 4345 Cambridge
1428 4281 1519 4345 generi
1540 4278 1656 4344 Ebipone

384 4371 528 4434 subiunxit,
549 4387 600 4418 non
621 4372 677 4418 sine
698 4371 875 4420 haesitatione
895 4370 1009 4436 quidem.
1036 4370 1082 4420 elii
1102 4369 1208 4419 cuidam
1232 4371 1323 4434 generi
1350 4369 1526 4420 adscribenda
1545 4369 1655 4423 videtur.

384 4467 413 4508 nt
432 4461 511 4508 etiam
532 4457 653 4521 Eripoae
673 4457 844 4520 Holmprenii
863 4459 940 4508 Ther.
962 4465 988 4507 et
1007 4457 1039 4508 Ε.
1059 4457 1269 4523 spetaberpenea's
1288 4459 1375 4522 Thon,
1396 4474 1462 4524 quae
1480 4459 1535 4508 Cel.
1561 4461 1592 4508 Ε.
1613 4459 1655 4507 si-

384 4565 454 4598 mon
475 4550 544 4598 inter
563 4551 664 4612 species
685 4550 790 4612 generis
808 4547 928 4611 Erigone
947 4549 998 4597 sibi
1024 4549 1129 4613 ignotas
1155 4547 1323 4598 enumeravit
1347 4548 1374 4596 in
1401 4549 1468 4610 „lter
1493 4547 1653 4598 Araehnides

384 4640 415 4687 de
436 4641 554 4688 France“
579 4640 626 4688 vol.
649 4640 672 4693 o,
694 4655 752 4702 pag.
773 4637 832 4688 (033.

492 4727 510 4793 l)
531 4731 623 4776 'l'rnns
646 4729 721 4776 liinn.
743 4731 799 4776 Soc.
822 4727 938 4792 london,
958 4727 1009 4775 vol.
1030 4725 1072 4790 28,
1093 4743 1152 4791 pag.
1172 4723 1232 4790 147,
1253 4727 1306 4775 tab.
1327 4725 1370 4786 34,
1390 4725 1433 4792 fig.
1454 4725 1496 4776 23.

492 4813 510 4879 8)
529 4817 621 4866 Journ.
644 4817 719 4864 liinn.
741 4817 845 4878 Sociely
865 4817 981 4871 London.
1003 4817 1052 4864 vol.
1073 4815 1116 4877 26,
1136 4831 1197 4879 pag,
1216 4813 1276 4876 615,
1297 4815 1361 4864 tabl.
1381 4813 1425 4878 Ab,
1443 4813 1487 4880 fig
1506 4813 1531 4866 8.
