3664 5734
377 455 442 520 546

377 666 476 731 ferior
498 667 531 729 in
556 666 660 730 forma
694 667 803 754 typica
838 667 949 730 subter
970 667 1005 728 in
1030 665 1185 750 angulum
1220 665 1321 730 latum
1355 664 1506 730 obtusum
1530 665 1648 730 fractus

377 783 433 856 est,
459 775 492 836 in
515 795 580 838 oar.
606 773 783 857 leptoccrpa
807 773 844 836 lt.
868 773 945 839 Sim.
970 771 1182 857 aequabiliter
1204 785 1365 838 arcuatus.

483 880 620 966 Eriperes
650 879 874 964 psychroplrtla
910 878 1013 942 forma
1045 900 1216 966 processus
1251 880 1421 944 exterioris
1444 889 1477 942 et
1499 901 1648 967 processu

378 987 542 1074 superiore
576 987 610 1050 in
634 985 791 1072 angulum
826 985 928 1050 altum
951 997 982 1050 et
1005 987 1197 1052 subacutum
1232 986 1359 1052 clevato
1393 988 1547 1050 convenit
1578 1009 1649 1051 cum

377 1095 519 1179 It'riponc
542 1092 777 1178 cristatopalpa3
801 1115 885 1179 apex
907 1114 1078 1180 processus
1095 1095 1269 1181 superioris
1286 1106 1392 1160 tamen
1410 1116 1430 1157 a
1445 1093 1546 1158 latere
1564 1095 1650 1158 visus

378 1201 447 1265 fere
462 1199 670 1284 rectangulus
686 1211 734 1264 est
755 1201 791 1262 in
808 1203 853 1283 ed,
878 1221 994 1286 parum
1018 1199 1113 1263 modo
1129 1200 1272 1284 obtusus,
1296 1200 1380 1266 latus
1396 1202 1541 1266 anticum
1559 1222 1651 1288 supe-

376 1307 445 1372 rius
469 1329 639 1394 processus
663 1305 759 1370 huius
782 1307 814 1370 in
841 1307 1030 1371 universum
1055 1316 1105 1370 sat
1122 1306 1285 1394 profunde
1307 1307 1651 1390 rotundatoexcisum,

375 1415 492 1478 fissura
515 1414 641 1478 adeius
665 1413 804 1479 mediam
829 1426 952 1500 partem
973 1413 1227 1478 evidentissima.
1251 1416 1400 1502 Desuper
1415 1416 1507 1478 visus
1522 1435 1652 1502 procee-

281 1511 286 1524 ’
377 1543 432 1584 sus
455 1523 595 1584 exterior
619 1523 765 1606 margine
789 1521 906 1608 apicali
942 1521 1067 1584 modice
1102 1521 1287 1606 sigmoide0‚
1311 1521 1430 1606 angulo
1453 1521 1572 1609 epicali
1595 1543 1652 1586 ex·-

376 1627 493 1692 teriore
517 1627 579 1692 late
604 1627 787 1710 rotundat03
811 1650 982 1714 processus
1006 1629 1154 1716 superior
1176 1627 1277 1694 latere
1301 1629 1452 1692 interiore
1468 1629 1509 1692 ad
1526 1630 1651 1715 apicem

377 1733 539 1822 profunde
564 1736 698 1817 sinuato⁷
734 1733 824 1799 sulco
849 1734 939 1800 brevi
965 1733 1023 1798 sed
1046 1735 1163 1798 melius
1186 1757 1283 1821 quam
1308 1737 1342 1799 in
1364 1735 1402 1800 Ε.
1427 1737 1653 1820 cristatcpalpa

375 1863 528 1928 expresso
553 1853 692 1906 ornatus.

483 1949 565 2012 Pars
588 1947 710 2012 tibialis
747 1950 904 2034 Erigonae
940 1952 1138 2014 tenuimuaus
1173 1949 1652 2034 1‚fig.tt.53),euiusexem-

377 2053 466 2141 plum
491 2056 624 2119 unicum
647 2055 713 2120 Cel.
737 2056 774 2120 Ε.
799 2056 910 2122 Simon
936 2055 1189 2120 examinandum
1213 2055 1354 2139 benigne
1377 2055 1457 2120 mihi
1482 2057 1651 2140 commisit

374 2184 491 2248 parum
526 2161 636 2226 differt
658 2185 678 2226 a
700 2173 792 2250 parte
828 2162 1036 2250 respondenti
1075 2165 1232 2248 Erigonae
1270 2165 1433 2244 tirolensis,
1472 2162 1530 2226 sed
1554 2162 1652 2228 rebus

376 2266 541 2334 nonnullis
575 2270 708 2356 propius
744 2269 784 2334 ad
821 2271 995 2356 Erigonam
1031 2269 1287 2354 cristatopalpam
1321 2270 1478 2336 accedere
1514 2269 1651 2334 videtur.

375 2375 550 2441 Processus
575 2377 748 2463 superioris
764 2398 784 2441 a
799 2377 899 2442 latere
914 2376 1059 2464 adspecti
1082 2376 1196 2460 forma,
1219 2378 1371 2460 incisura,
1394 2375 1513 2459 sulcus
1537 2376 1651 2442 eadem

375 2492 470 2568 atque
493 2483 527 2546 in
551 2484 588 2547 Ε.
613 2482 762 2564 aroteras
784 2505 956 2571 processus
979 2485 1121 2548 exterior
1143 2484 1278 2548 alatere
1301 2485 1392 2550 visus
1416 2481 1554 2568 longior,
1577 2505 1652 2568 gra-

375 2587 447 2652 cilis
471 2599 520 2664 tut
534 2591 569 2653 in
585 2591 623 2654 E.
639 2589 886 2676 cristatopalpa),
910 2591 1051 2678 desuper
1075 2593 1165 2656 visus
1189 2590 1307 2676 angulo
1324 2591 1485 2654 exteriore
1502 2589 1653 2656 subrecto

375 2706 406 2760 et
430 2717 504 2760 cum
528 2696 620 2783 apice
642 2719 811 2783 processus
836 2698 1013 2784 superioris
1036 2697 1122 2761 linea
1145 2719 1247 2784 paene
1269 2701 1357 2762 recta
1382 2698 1584 2761 coniunctus.

480 2804 640 2868 Processu
665 2805 824 2868 exteriore
858 2804 958 2892 partis
983 2803 1104 2868 tibialis
1127 2805 1200 2888 lat0,
1238 2803 1361 2888 obtuso,
1384 2826 1484 2890 quum
1508 2826 1527 2867 a
1550 2803 1652 2870 latere

375 2909 563 2997 adspicitur,
588 2923 619 2974 et
642 2933 826 2998 compresso
859 2912 965 2998 potius
1001 2933 1096 2997 quam
1121 2909 1303 2998 deplanato,
1337 2911 1492 2976 differunt
1514 2934 1535 2974 a
1556 2933 1652 2998 prac-

374 3017 565 3082 cedentibus
589 3019 757 3102 Emporiae:
781 3025 853 3082 utra
876 3017 1055 3100 (Blackw.),
1078 3019 1269 3103 dentipalpts
1284 3017 1432 3100 (Widerl
1456 3017 1652 3104 tantosquen-

373 3125 416 3188 sia
440 3125 476 3186 E.
502 3123 613 3206 Siml).
650 3125 781 3188 Partem
805 3123 950 3189 tibialem
981 3123 1069 3210 quod
1091 3127 1212 3208 attinet,
1241 3123 1397 3188 differunt
1419 3125 1556 3210 Eriqone
1578 3133 1651 3190 atra

374 3244 405 3294 et
429 3232 465 3294 a.
491 3230 713 3316 tantosqueast's
736 3230 777 3295 ab
801 3232 943 3317 Erigone
966 3233 1138 3318 deutipalpi
1169 3232 1328 3318 imprimis
1352 3230 1457 3294 forma
1478 3253 1650 3318 processus

373 3337 556 3423 superioris.

480 3446 638 3530 Erigonae
660 3447 849 3530 dentipalpt's
871 3467 1043 3533 processus
1066 3449 1213 3534 superior
1244 3447 1307 3531 (fig.
1334 3448 1388 3528 12)
1412 3447 1446 3508 in
1469 3444 1570 3510 latere
1593 3468 1649 3510 ex·

375 3551 492 3615 teriora
516 3562 701 3629 excavatus,
724 3574 744 3616 a
768 3551 867 3616 latere
891 3554 981 3616 visus
1005 3557 1170 3640 (processu
1183 3553 1342 3618 exteriore
1358 3551 1467 3640 paullo
1490 3551 1647 3636 occultus)

375 3679 503 3722 sursum
529 3669 561 3722 et
583 3660 744 3724 anteriora
767 3681 882 3724 versus
905 3660 1057 3742 directus,
1086 3674 1194 3724 rectus
1211 3672 1266 3724 aut
1281 3659 1398 3724 leviter
1421 3681 1551 3723 sursum
1575 3681 1648 3723 cur-

375 3777 480 3848 vatus,
503 3763 596 3846 latus,
620 3767 745 3852 apicem
769 3789 883 3830 versus
907 3766 981 3853 plus
1007 3767 1158 3830 minusve
1180 3776 1380 3851 angustatus,
1404 3767 1496 3854 apice
1520 3765 1647 3851 oblique

374 3883 430 3936 aut
454 3885 639 3936 transverse
662 3883 839 3951 truncatus,
863 3873 993 3957 angulis
1017 3873 1198 3939 rotundatis
1221 3873 1388 3956 (inferiore
1412 3871 1528 3937 forb'us
1551 3895 1645 3959 quam

374 3980 545 4064 superior);
569 4002 667 4065 quum
700 3979 838 4066 desuper
872 3979 1053 4066 adspicitur
1089 4001 1260 4067 processus
1284 3979 1337 4044 hic
1361 3979 1426 4065 (fig.
1450 3981 1515 4062 28),
1554 3980 1646 4044 ambo

374 4087 537 4171 margines
562 4088 721 4172 (superior
744 4097 775 4150 et
798 4085 945 4168 inferior)
968 4088 1190 4151 excavationis
1217 4097 1371 4152 externae
1394 4087 1645 4174 conspiciuntur,

372 4193 518 4279 superior
540 4194 574 4256 in
598 4193 834 4277 longitudinem
858 4193 925 4258 fere
948 4194 1101 4258 directus.
1124 4193 1251 4258 modice
1274 4193 1361 4258 foras
1384 4205 1548 4277 curvatus,
1572 4215 1645 4258 curn

372 4298 472 4364 latere
496 4301 648 4365 interiore
671 4323 840 4387 processus
865 4303 899 4364 in
923 4300 1079 4386 angulum
1113 4313 1244 4365 acutum
1281 4302 1367 4365 coire
1401 4299 1539 4367 videtur.
1564 4321 1645 4387 pone

480 4568 498 4632 1)
520 4569 606 4618 Etiam
626 4570 653 4617 in
673 4569 714 4618 bis
734 4570 872 4633 speciebus
892 4577 980 4620 tamen
1001 4585 1062 4634 pars
1075 4577 1184 4619 externa
1200 4585 1344 4633 processus,
1365 4567 1398 4617 de
1411 4583 1462 4632 quo
1475 4567 1573 4632 agitur,
1586 4568 1644 4632 plus

372 4658 493 4706 minusve
513 4673 672 4721 compressa,
692 4659 863 4722 coniungitur
882 4675 943 4708 cum
963 4674 1087 4722 processu
1106 4659 1241 4723 superiore
1267 4657 1376 4707 lamella
1395 4657 1455 4721 plus
1473 4659 1595 4706 minusve
1613 4657 1644 4706 li·

372 4745 458 4810 brata,
478 4747 656 4810 complanata.
