3664 5734
379 527 444 591 tta

486 739 664 825 lt'riqouoe:
689 746 803 804 remota
827 750 858 802 et
882 741 1025 824 luporum
1049 739 1134 802 inter
1156 760 1191 802 se
1214 737 1256 802 ad
1280 737 1418 802 formam
1447 737 1538 802 bulbi
1563 739 1648 824 geni·

378 845 452 910 talis
476 845 574 910 valde
599 845 720 910 similes
744 857 820 910 sunt
842 855 873 910 et
895 847 1056 932 imprimis
1080 847 1189 910 carina
1213 844 1319 910 dentis
1342 844 1441 910 antici
1465 867 1563 932 prope
1586 846 1649 932 api·

378 975 449 1018 cem
474 951 748 1017 arcuato-elevate
770 951 915 1036 insignes
938 952 1004 1037 (fig.
1028 954 1079 1016 55.
1104 952 1167 1030 56).

485 1061 642 1144 Emporiae
665 1066 797 1124 retractae
820 1059 884 1143 (fig.
908 1060 963 1136 43)
987 1058 1068 1124 dens
1091 1060 1233 1146 poeticus
1257 1057 1387 1124 lamella
1410 1068 1459 1124 est
1474 1057 1582 1146 paullo
1597 1059 1650 1124 ob·

378 1165 483 1252 longa,
508 1165 663 1230 lateribus
688 1165 756 1230 fere
778 1164 952 1252 parallelis,
976 1165 1092 1230 leviter
1115 1165 1202 1230 foras
1226 1177 1370 1249 curvata,
1394 1165 1514 1252 angulo
1537 1165 1650 1252 apicali

377 1275 538 1338 exteriore
568 1272 677 1359 paullo
708 1271 873 1358 producto,
904 1283 1007 1356 acuto,
1039 1273 1191 1336 interiore
1221 1271 1394 1336 rotundato
1425 1273 1517 1349 (haec
1551 1274 1652 1337 forma

378 1381 484 1444 dentis
509 1379 625 1466 postici
649 1381 683 1441 in
709 1377 806 1444 bulbo
830 1401 849 1442 a
873 1377 978 1442 fronte
1002 1380 1073 1444 viso
1096 1380 1261 1453 cernitur),
1295 1379 1362 1444 fere
1390 1395 1576 1444 transverse
1597 1401 1652 1467 po-

378 1488 448 1572 sita,
473 1487 624 1550 deorsum
649 1497 680 1550 et
702 1483 847 1572 paullulo
871 1485 958 1548 foras
983 1485 1114 1569 directa,
1138 1485 1207 1550 fere
1230 1488 1263 1549 in
1288 1485 1374 1552 linea.
1397 1486 1547 1551 mediana
1563 1486 1651 1550 bulbi

378 1594 419 1659 ab
444 1593 510 1656 imo
535 1593 599 1656 visi
623 1594 697 1671 sita3
728 1591 919 1678 plerumque
943 1592 975 1654 in
1001 1591 1098 1658 bulbo
1122 1615 1141 1658 a
1163 1592 1264 1658 latere
1287 1594 1359 1658 viso
1389 1592 1470 1658 dens
1498 1592 1551 1656 hic
1575 1594 1652 1656 insi·

378 1701 484 1786 gniter
508 1701 678 1786 prominet,
701 1700 735 1761 in
759 1697 919 1786 exemplis
942 1721 1046 1785 nuper
1069 1698 1189 1763 adultis
1205 1711 1322 1784 tamen,
1346 1711 1514 1784 retractus,
1537 1699 1652 1764 diffici-

378 1808 440 1871 lius
465 1807 671 1894 conspicitur.
696 1807 787 1870 Dens
812 1806 938 1870 medius
961 1805 1122 1870 lamellam
1147 1807 1264 1871 format
1288 1807 1548 1883 crassiusculam,
1572 1807 1647 1872 obli-

377 1935 440 2000 que
464 1913 695 1976 scmilunarem
719 1913 797 1988 fere,
820 1935 919 1998 quum
944 1913 984 1978 ab
1008 1914 1074 1977 imo
1097 1913 1284 2002 adspicitur,
1307 1925 1507 1998 excavatum,
1537 1913 1652 1980 leviter

377 2020 681 2107 radiato-plicatam,
705 2019 834 2104 oblique
850 2021 987 2107 positam
1004 2023 1177 2100 (anteriora
1193 2043 1307 2085 versus
1323 2031 1356 2084 et
1370 2023 1458 2085 intus
1474 2020 1651 2107 directam).

378 2132 408 2192 A
433 2127 533 2192 latere
566 2127 738 2213 adspectus
769 2127 922 2190 interiore
949 2127 1014 2210 (fig.
1046 2129 1101 2210 tt)
1133 2129 1296 2214 (quoniam
1322 2151 1341 2192 a
1363 2127 1464 2192 latere
1495 2129 1652 2192 exteriore

377 2257 531 2319 magnam
556 2245 681 2322 partem
704 2255 858 2321 processu
889 2233 1004 2320 apicali
1036 2234 1137 2322 partis
1161 2233 1281 2299 besalis
1305 2234 1395 2300 bulbi
1420 2235 1552 2320 tegitur)
1574 2235 1651 2299 insi·

378 2342 484 2426 gniter
508 2341 616 2404 minus
639 2340 800 2426 prominet
824 2340 903 2406 dens
928 2340 1053 2404 medius
1077 2363 1173 2426 quam
1196 2343 1337 2427 poeticus
1361 2342 1400 2418 (si
1416 2341 1548 2426 quidem
1572 2341 1651 2406 dens

377 2447 431 2511 hic
456 2469 520 2511 non
545 2457 706 2512 retractus
729 2452 799 2530 cst),
823 2447 862 2511 ab
887 2469 925 2511 eo
949 2449 1021 2510 sinu
1047 2447 1208 2534 profundo
1238 2449 1409 2513 rotundato
1432 2449 1652 2534 distinguitur,

379 2555 473 2620 latior
497 2553 631 2618 videtur
654 2576 750 2639 quam
776 2553 877 2637 altior,
901 2555 1025 2640 apicem
1050 2575 1165 2618 versus
1189 2552 1350 2620 dilatatus.
1381 2557 1474 2643 apice
1497 2555 1651 2622 latissime

376 2673 547 2726 truncatus
579 2659 708 2745 angulis
740 2661 928 2744 rotundatis,
953 2663 1133 2746 marginem
1156 2683 1271 2725 versus
1294 2661 1367 2750 plus
1391 2664 1499 2725 minus
1528 2662 1651 2728 fortiter

376 2882 410 2940 in
426 2875 527 2939 latere
551 2875 764 2961 superiorein
782 2873 987 2938 tuberculum
1011 2873 1093 2940 forte
1117 2875 1268 2940 obtusum
1292 2875 1446 2940 elevatus.
1471 2875 1539 2942 Sub
1561 2886 1651 2964 parte

378 2985 486 3046 anticfa
511 2980 618 3045 dentis
642 2982 738 3044 medii
764 2979 884 3046 bulbus
908 2982 1017 3044 carint
1050 2994 1184 3046 ornatur
1216 2993 1264 3046 sat
1288 2981 1362 3066 alta,
1393 2987 1518 3048 cornea
1550 2984 1650 3068 nigra

377 3110 441 3152 non
476 3088 581 3173 longa.
616 3087 837 3153 semirotunda
868 3087 944 3172 fere,
975 3111 1074 3174 quum
1106 3112 1125 3152 a
1155 3088 1253 3154 latere
1284 3089 1438 3154 interiore
1465 3089 1650 3177 adspicitur,

377 3194 487 3282 paullo
511 3195 639 3280 oblique
663 3195 768 3281 posita
791 3196 964 3263 lanteriora
986 3217 1102 3260 versus
1125 3211 1156 3260 et.
1179 3195 1287 3282 paullo
1311 3195 1398 3260 foras
1422 3195 1570 3280 directt);
1598 3219 1647 3261 cu-

378 3304 450 3366 rina
474 3301 553 3365 haec
577 3303 611 3364 in
636 3301 735 3366 bulbo
760 3301 799 3366 ab
825 3303 889 3364 imo
913 3303 983 3364 viso
1008 3300 1075 3366 fere
1106 3313 1172 3367 tota
1202 3302 1298 3368 dente
1329 3303 1436 3368 medio
1458 3304 1647 3382 occultatum

377 3409 516 3493 margini
543 3409 688 3472 interiori
711 3409 843 3495 propius
860 3410 970 3472 carina
987 3407 1087 3474 altera
1104 3411 1310 3497 conspicitur,
1333 3409 1436 3474 multo
1452 3413 1560 3474 minus
1576 3433 1647 3475 evo-

377 3515 453 3599 luta,
477 3516 577 3579 multo
602 3515 736 3599 longior,
760 3516 836 3578 item
861 3515 969 3602 paullo
992 3514 1129 3601 obliqua
1153 3514 1262 3602 paullo
1285 3517 1480 3582 inconstans.

484 3624 643 3707 Emporiae
666 3625 808 3706 iuyorum
832 3623 895 3706 (fig.
920 3625 972 3686 44.
996 3625 1051 3689 otll
1075 3623 1155 3686 dens
1179 3625 1321 3710 poeticus
1344 3623 1475 3688 brevior
1497 3647 1592 3710 quam
1614 3625 1646 3688 in

377 3731 520 3815 Eripered
547 3733 660 3792 remotd
687 3729 732 3808 (in
758 3728 855 3793 bulbo
879 3753 898 3792 a
922 3728 1021 3794 latere
1045 3729 1115 3794 viso
1139 3753 1251 3816 parum
1277 3742 1333 3794 aut
1348 3731 1406 3794 vix
1420 3733 1593 3818 prominet;
1609 3753 1646 3795 an

378 3847 564 3900 constanter
575 3836 611 3920 l).
644 3835 734 3922 apice
759 3837 791 3898 in
818 3835 918 3900 latere
949 3837 1108 3900 exteriore
1139 3837 1312 3920 insigniter
1339 3837 1502 3920 dilatatus,
1534 3835 1648 3923 angulo

378 3941 492 4030 apicali
520 3941 679 4006 exteriore
703 3943 736 4004 iu
761 3965 880 4006 uncum
906 3943 1038 4006 hrevcm
1063 3944 1223 4006 anteriora
1248 3965 1362 4010 versus
1386 3956 1529 4008 curvam.
1560 3945 1647 4009 Dens

376 4049 503 4113 medius
537 4048 576 4111 ab
609 4049 674 4110 imo
705 4049 796 4112 visus
826 4049 935 4136 paullo
967 4047 1092 4134 longior
1123 4062 1155 4114 et
1186 4072 1249 4114 non
1273 4050 1442 4116 evidenter
1465 4063 1648 4134 excavatus,

377 4179 394 4221 a
419 4155 521 4219 latere
547 4156 702 4220 interiore
734 4155 905 4243 adspectus
937 4157 1061 4242 apicem
1093 4179 1207 4220 versus
1235 4157 1351 4220 fortius
1375 4156 1537 4242 dilatatus,
1559 4181 1646 4246 prae-

378 4265 488 4326 sertim
513 4283 605 4349 pone,
630 4261 749 4346 angulo
772 4265 894 4349 postico
918 4275 1020 4326 acuto.
1044 4285 1148 4348 neque
1172 4263 1321 4328 subrecto
1337 4273 1371 4326 ut
1388 4264 1421 4328 in
1437 4265 1552 4352 priore,
1575 4265 1646 4330 sulr

376 4369 489 4433 laevis.
514 4370 634 4435 Carina
658 4391 774 4432 cornea
799 4369 858 4432 sub
883 4371 975 4454 apice
999 4369 1104 4434 dentis
1128 4369 1226 4434 medii
1244 4372 1305 4435 situ
1321 4369 1456 4457 longior.
1480 4372 1575 4436 dente
1590 4371 1646 4434 hoc

376 4475 610 4539 multominus
640 4487 732 4558 tecta,
756 4477 810 4559 ita,
835 4486 869 4539 nt
893 4477 933 4541 ab
958 4478 1021 4538 imo
1052 4497 1127 4563 pars
1158 4499 1217 4542 sua
1248 4478 1378 4542 circiter
1408 4477 1544 4542 dimidia
1574 4501 1645 4544 con-

377 4583 540 4668 spiciatur.

483 4691 521 4754 In
547 4691 689 4775 ltliyouo
714 4689 886 4774 loripipulpi
910 4690 966 4774 (fig
999 4691 1050 4776 35,
1074 4693 1129 4770 47)
1153 4690 1233 4753 dens
1256 4691 1399 4777 poeticus
1427 4690 1562 4775 ligulam
1586 4690 1646 4754 for-

377 4807 444 4858 mat
467 4815 629 4870 corneam,
660 4793 769 4881 paullo
800 4795 981 4880 oblongam,
1013 4799 1105 4884 apice
1128 4796 1284 4882 obtusam,
1315 4807 1501 4862 transverse
1525 4797 1592 4862 fere
1614 4798 1645 4860 in
