3714 5726
1422 495 1461 556 91

283 705 313 770 9.
342 705 377 768 0.
404 705 539 776 tectieda
570 702 719 768 Michael.
751 741 794 750 -
825 701 908 768 Sehr
939 701 1053 770 seiten:
1085 725 1119 766 es
1151 701 1264 767 warde
1294 725 1357 768 nur
1383 705 1419 790 je
1446 706 1462 767 1

181 809 356 896 Exemplar
378 809 572 896 gesarnmelt
595 810 629 873 in
654 809 765 874 Balice
797 807 986 892 (Krakauer
1015 809 1145 890 Gebiet)
1177 810 1244 874 und
1275 811 1309 874 in
1338 811 1465 875 Lencze

180 915 471 998 (west-Getides).

286 1025 336 1089 10.
365 1025 400 1088 0.
425 1026 536 1110 setiger
558 1046 588 1088 n.
614 1045 660 1109 sp.
683 1021 962 1110 cephalotboracis
986 1021 1142 1087 lateribus
1166 1025 1251 1088 inter
1274 1024 1371 1110 pedes
1393 1025 1408 1088 Ι
1432 1035 1465 1088 et

179 1129 212 1194 11
234 1131 269 1193 in
286 1129 397 1194 lobnm
421 1131 632 1195 rotundatum
657 1129 807 1212 dilatatis,
831 1131 964 1214 organis
988 1129 1305 1216 pseudostigmaticis
1329 1129 1465 1216 flagelli-

177 1237 345 1320 formibus,
370 1238 546 1302 eminentia
570 1235 847 1322 pseudostigmata
870 1237 995 1322 gerenti
1019 1238 1052 1300 in
1078 1236 1178 1302 latere
1207 1239 1330 1322 postico
1352 1236 1465 1302 tuber-

178 1343 260 1409 culis
282 1355 423 1429 quatuor
446 1347 567 1425 ornate,
591 1353 794 1428 notogastere
824 1344 857 1406 in
883 1342 1120 1428 longitudinem
1153 1344 1278 1408 modice
1306 1357 1338 1408 et
1360 1365 1463 1429 paene

177 1449 391 1537 aequabiliter
414 1454 571 1532 convexi„
595 1451 697 1538 spinis
719 1449 847 1516 adnatis
872 1450 999 1516 duabus
1028 1463 1060 1515 et
1084 1450 1159 1536 pilis
1183 1450 1390 1516 dorsualibus
1413 1473 1464 1515 se-

177 1556 282 1622 decim
306 1556 453 1640 elevatis,
478 1555 593 1622 leviter
617 1557 705 1622 foras
721 1557 874 1633 curratis,
892 1555 1103 1629 radiantibus,
1120 1580 1220 1643 quum
1245 1557 1383 1644 desuper
1406 1558 1464 1620 ad-

177 1665 369 1750 spiciuntur,
401 1667 522 1748 ornate,
546 1662 683 1750 pedibus
716 1665 869 1728 mediocri
897 1663 1112 1748 longitndine
1137 1686 1247 1728 eorum
1272 1664 1462 1728 internodiis

177 1781 224 1835 sat
248 1771 378 1835 fortiter
408 1771 604 1852 incrassatis
637 1769 756 1856 pedum
788 1771 953 1856 unguibus
984 1770 1231 1860 monodactylis.
1255 1771 1357 1856 Long.
1388 1771 1462 1835 Ο·63

176 1900 250 1941 mm.
277 1915 319 1924 —-
343 1877 426 1944 Sebr
449 1875 563 1942 selten:
588 1876 706 1941 Rudno
729 1876 796 1940 und
821 1877 1046 1944 Krneszowice
1070 1875 1258 1958 (Krakauer
1279 1877 1418 1957 Gebiet).

286 1989 336 2050 11.
366 1987 401 2048 0.
425 1985 664 2049 bitahercalotas
688 2005 718 2047 n.
742 2006 788 2069 sp.
813 1983 1094 2070 cephalotboracis
1118 1982 1273 2048 lateribus
1300 1985 1385 2048 inter
1408 2006 1463 2070 pe·

177 2091 232 2155 des
256 2092 272 2156 Ι
297 2103 332 2156 et
353 2091 389 2156 ΙΙ
412 2091 604 2174 rotundatis,
627 2092 758 2176 organis
789 2090 1105 2177 pseudostigmaticis
1136 2089 1342 2155 liliformibus
1370 2091 1462 2176 apice

177 2199 380 2275 acuminatis,
404 2197 536 2283 glabris,
560 2198 737 2261 eminentia
761 2197 1038 2283 pseudostigmata
1063 2199 1188 2283 gerenti
1221 2199 1253 2260 in
1278 2195 1378 2262 latere
1405 2220 1463 2284 po·

177 2306 256 2370 stico
280 2301 463 2369 tuberculis
487 2303 614 2369 duobus
637 2307 759 2388 ornata
792 2314 994 2388 notogastere
1027 2306 1185 2370 instructa
1208 2305 1311 2388 spinis
1335 2303 1462 2368 adnatis

177 2411 303 2476 duabus
328 2422 360 2476 et
371 2409 451 2498 ,pilis
475 2410 681 2477 dorsualibus
706 2411 832 2476 modice
849 2411 964 2495 longis.
985 2411 1111 2476 modice
1136 2411 1288 2476 curvatis.
1312 2410 1385 2496 plus
1402 2412 1462 2474 mi-

177 2541 279 2582 nusve
304 2517 450 2584 elevatis.
475 2516 593 2603 pedum
618 2516 782 2602 unguibus
799 2517 1046 2606 monodactylis.
1070 2518 1172 2602 Long.
1190 2539 1236 2581 ca.
1259 2519 1312 2582 0·6
1331 2540 1406 2581 mm.
1420 2553 1460 2565 —

177 2624 258 2691 sehr
282 2625 400 2689 seiten:
424 2625 651 2690 Krzesnowice
676 2624 742 2688 und
766 2623 967 2708 Grzegdrzlri
992 2623 1044 2689 bei
1068 2623 1214 2688 Knakau.

176 2773 178 2778 -
286 2733 336 2796 12.
366 2733 400 2796 0.
427 2733 557 2796 tetriore
580 2754 610 2794 n.
633 2753 678 2815 sp.
712 2730 988 2817 cephalothoracis
1021 2731 1176 2796 lateribus
1207 2733 1291 2794 inter
1323 2731 1462 2817 pedesI

177 2849 208 2903 et
230 2838 264 2902 II
289 2837 482 2920 rotundatis,
507 2838 683 2904 eminentia
705 2837 982 2924 pseudostigmata
1005 2838 1130 2923 gerenti
1155 2839 1187 2901 in
1213 2836 1313 2902 latere
1338 2839 1461 2922 postico

176 2967 240 3010 non
263 2944 477 3028 tuberculatri,
501 2945 633 3030 organis
657 2944 974 3030 pseudostigmaticis
999 2944 1228 3029 uniformibus,
1259 2955 1462 3029 notogastere

176 3052 305 3117 modice
326 3063 359 3116 et
382 3073 483 3138 paene
507 3050 721 3137 aequabiliter
744 3055 900 3135 convexi,
931 3053 1033 3138 spinis
1058 3051 1185 3116 adratis
1209 3049 1335 3115 duabus
1358 3061 1390 3115 et
1412 3052 1462 3136 pi-

176 3157 216 3223 lis
240 3157 451 3223 dorsualibus
477 3157 619 3224 sedecim
650 3157 756 3243 longis
781 3158 919 3225 fortibus
952 3158 1096 3242 elevatis.
1128 3157 1337 3233 radiantibus,
1361 3179 1460 3242 quum

178 3265 317 3351 desuper
342 3265 578 3352 adspiciuntur,
602 3268 727 3346 ornatd3
752 3264 871 3349 pedum
896 3265 1060 3350 unguibus
1084 3263 1331 3353 monodactylis,
1359 3262 1461 3328 femo-

175 3394 210 3438 re
232 3372 283 3437 IV
308 3395 406 3458 quam
440 3393 521 3436 coxa
550 3371 707 3438 breviore.
753 3372 854 3457 Long.
879 3393 925 3436 ca„
949 3373 1023 3437 oco
1049 3395 1124 3436 mm.
1148 3410 1188 3418 -
1214 3370 1321 3452 Tetra,
1345 3372 1378 3434 in
1402 3369 1460 3435 der

178 3479 270 3544 flohe
295 3500 360 3543 ron
387 3479 608 3543 icoc-2550
632 3501 674 3542 m.

287 3587 336 3650 13.
366 3586 401 3648 0.
424 3607 581 3670 properus
603 3607 634 3650 n
658 3608 704 3670 sp.
729 3583 1004 3672 cephalothoraois
1036 3584 1191 3650 lateribus
1214 3586 1299 3649 inter
1322 3583 1420 3670 pedes
1445 3584 1460 3647 l

176 3705 208 3757 et
230 3693 264 3757 II
290 3693 323 3755 in
348 3713 536 3777 processum
560 3690 834 3776 snbrbombicum‚
866 3692 952 3756 foras
984 3703 1015 3757 et
1038 3692 1200 3756 anteriora
1231 3713 1344 3755 versus
1374 3689 1461 3755 dire-

177 3811 263 3863 ctum
288 3797 465 3884 productis,
490 3797 666 3862 eminentia
695 3797 971 3884 pseudostigmata
1000 3799 1126 3882 gerenti
1158 3799 1191 3861 in
1215 3797 1314 3861 latere
1336 3798 1460 3883 postico

176 3904 356 3972 tuberculis
380 3915 518 3990 quatuor
541 3907 661 3988 ornatis,
686 3906 817 3990 organis
838 3904 1155 3990 pseudostigmaticis
1171 3903 1460 3988 flagelliiormibus‚

177 4025 381 4100 notogastere
405 4033 508 4097 paene
531 4010 742 4098 aequabiliter
767 4014 922 4096 convexis,
945 4012 1047 4096 spinis
1076 4011 1203 4074 adratis
1235 4020 1366 4092 carenti,
1389 4011 1460 4074 eius

177 4119 251 4207 pilis
275 4117 483 4184 dorsualibus
508 4140 622 4204 parum
646 4117 790 4202 elevatis,
806 4119 923 4184 enticis
944 4117 1071 4182 duobus
1088 4119 1248 4182 anteriora
1272 4139 1386 4182 versus
1411 4116 1460 4180 di-

176 4229 283 4310 rectis,
307 4225 462 4290 secundis
486 4223 574 4288 foras
598 4224 732 4289 directis
757 4227 934 4310 procurvis,
958 4224 1096 4309 pedibus
1120 4223 1246 4288 modice
1269 4223 1384 4308 longis,
1407 4245 1460 4287 eo-

177 4356 246 4398 rnm
271 4331 465 4397 internodiis
497 4331 624 4394 fortiter
653 4331 850 4415 incrassatis,
882 4330 1047 4416 unguibus
1071 4329 1316 4420 monodactylis‚
1340 4331 1459 4415 pedum

178 4440 226 4505 IV
249 4442 334 4505 coxit
356 4437 466 4525 paullo
490 4436 637 4522 longiore
660 4459 757 4522 quam
781 4438 896 4520 femur,
927 4436 1002 4524 pilis
1031 4438 1163 4502 femoris
1195 4449 1226 4503 et
1249 4436 1386 4523 patellae
1410 4436 1459 4500 IV

179 4545 405 4612 mediocribus.
430 4545 533 4628 Long.
557 4564 603 4607 ca.
626 4545 702 4608 Obb
726 4566 800 4607 mm.
824 4583 866 4592 —
890 4544 997 4628 Tetra,
1024 4546 1243 4610 1000-1550
1266 4566 1307 4607 m.

286 4655 337 4718 14.
366 4653 402 4716 0.
430 4651 663 4735 pulverulentus
693 4649 740 4732 (O.
765 4649 800 4714 L.
824 4650 919 4715 Koch
928 4651 952 4734 ?,
986 4650 1045 4715 sub
1079 4651 1222 4735 Notlrro).
1259 4651 1460 4732 (scamas

175 4763 343 4845 pupillipee
367 4755 503 4840 Nicolet,
533 4759 567 4820 0.
592 4757 788 4840 verticillipes
818 4756 958 4821 Michael
991 4779 1051 4822 nec
1082 4757 1219 4841 Nicolet,
1247 4758 1376 4822 caitae
1399 4758 1461 4824 Mi·

1320 4880 1353 4933 10
