3664 5734
383 527 447 592 556

385 737 583 824 „conductor
605 736 742 802 emboli“
770 737 831 819 est)
854 747 886 800 et
909 733 1081 816 alveolum,
1106 733 1234 798 fortiter
1257 754 1460 820 compressus
1477 742 1534 815 est,
1557 733 1653 796 trian-

383 845 513 932 gularis,
538 844 640 908 durus
664 845 718 928 (op
741 843 776 906 in
799 843 852 927 fig.
877 844 940 923 dl).
965 841 1045 906 Pars
1073 839 1292 925 „terminalis“
1312 838 1513 926 eparticulis
1531 837 1653 902 duabus

383 963 528 1016 constare
553 950 690 1032 videtur,
723 949 880 1014 ambabus
909 949 1044 1032 corneis,
1078 951 1162 1012 inter
1185 969 1219 1011 se
1244 986 1286 993 -
1310 947 1343 1010 ni
1367 945 1464 1010 fallor
1487 985 1529 994 -—
1553 945 1653 1009 mobi-

382 1059 456 1124 liter
479 1059 668 1123 coniunctis.
693 1056 805 1122 Altera
827 1055 1063 1142 particularum
1085 1054 1201 1118 harum
1226 1059 1258 1134 (o
1270 1055 1305 1117 in
1317 1053 1369 1139 fig.
1394 1055 1458 1136 66),
1481 1052 1552 1118 basi
1568 1052 1655 1116 bulbi

382 1169 520 1254 propior,
544 1163 683 1228 annulus
708 1163 850 1228 describi
873 1174 977 1250 potest
1005 1175 1211 1228 transversus
1243 1161 1459 1248 incompletos
1478 1161 1528 1244 (l),
1561 1158 1656 1224 valde

382 1273 574 1360 inaequalis3
607 1273 714 1334 sinum
745 1270 847 1358 replet
871 1270 1018 1354 margine
1041 1268 1157 1333 alveoli
1182 1269 1336 1332 interiore
1363 1279 1395 1331 et
1417 1267 1564 1352 margine
1588 1267 1657 1354 api·

383 1380 445 1446 eali
470 1379 638 1444 anfractus
661 1377 794 1442 secundi
819 1379 943 1440 eteius
974 1397 1127 1464 processu
1160 1373 1343 1456 definitum3
1374 1395 1486 1458 margo
1520 1373 1654 1460 apicalis

384 1485 495 1552 annuli
519 1485 615 1550 huius
640 1485 745 1548 dentis
769 1483 979 1567 triangularis
1004 1485 1106 1547 instar
1121 1482 1230 1569 paullo
1245 1484 1406 1569 prominet
1422 1483 1540 1563 subter,
1556 1503 1656 1566 quum

384 1592 503 1660 bulbus
526 1615 545 1656 a
569 1592 668 1656 latere
691 1593 849 1655 exteriore
873 1589 1034 1676 simulque
1065 1588 1161 1676 paulo
1185 1600 1317 1676 aparte
1340 1588 1494 1652 inferiore
1518 1587 1658 1673 adspici-

383 1713 442 1765 tur·
459 1703 491 1782 (o
506 1702 540 1762 in
557 1700 609 1782 fig.
627 1701 690 1778 67).
715 1696 826 1762 Altera
849 1696 1010 1784 particula
1026 1695 1193 1779 (ambolus,
1205 1719 1220 1762 e
1231 1697 1266 1758 in
1278 1697 1330 1781 fig.
1343 1697 1408 1778 oe),
1432 1695 1501 1758 basi
1518 1717 1538 1758 a
1551 1696 1657 1781 priore

384 1806 595 1890 circumdata,
619 1805 721 1868 multo
745 1807 923 1888 angustior,
954 1803 1055 1868 multo
1086 1803 1213 1888 longior
1236 1825 1333 1890 quam
1362 1800 1466 1886 latior,
1497 1803 1658 1866 anteriora

385 1937 498 1978 versus
522 1927 554 1978 et
577 1911 721 2000 paullulo
745 1912 832 1975 foras
856 1923 887 1975 et
911 1910 1061 1974 deorsum
1086 1910 1217 1995 directa,
1241 1910 1310 1974 basi
1334 1920 1431 1974 ovata
1454 1918 1486 1972 et
1501 1908 1602 1986 fulva,
1623 1909 1657 1971 in

382 2031 474 2109 parte
498 2020 614 2108 apicali
639 2020 742 2103 nigra,
773 2018 882 2106 paullo
905 2019 1081 2102 angustior,
1113 2017 1260 2082 terebrae
1284 2019 1386 2080 instar
1408 2025 1560 2100 contorte,
1583 2037 1658 2102 pro-

384 2128 488 2193 cessui
514 2127 681 2191 anfractus
713 2123 845 2188 secundi
871 2147 973 2211 paene
996 2123 1160 2210 parallelo,
1193 2123 1277 2188 inter
1299 2145 1486 2209 processum
1517 2121 1603 2185 hunc
1626 2133 1657 2186 et

384 2235 539 2300 laminam
562 2232 711 2297 tarsalem
743 2233 941 2319 conspicitur
964 2255 983 2295 a
1006 2231 1106 2295 latere
1137 2229 1291 2294 inferiore
1315 2231 1474 2310 interiore,
1505 2251 1656 2316 processu

384 2342 444 2406 boc
467 2354 575 2406 autem
599 2339 787 2417 occultatur,
810 2361 911 2424 quum
934 2337 1053 2402 bulbus
1077 2361 1096 2402 a
1119 2337 1220 2401 latere
1243 2337 1403 2401 exteriore
1426 2335 1656 2422 adspicitur.-

383 2449 492 2513 Etiam
526 2446 775 2534 paracymbium
810 2447 967 2531 Erigonae
995 2447 1217 2531 gruarirricoloe
1251 2444 1359 2507 differt
1390 2466 1409 2506 a
1439 2442 1656 2531 paracymbiis

384 2557 597 2640 Emponumtm
620 2555 837 2640 propriarum:
861 2565 1084 2616 transversum
1102 2562 1159 2636 est,
1176 2550 1277 2615 multo
1293 2550 1390 2614 latius
1406 2571 1504 2636 quam
1521 2549 1655 2634 longius,

384 2661 530 2746 margine
554 2661 661 2724 antico
689 2673 785 2742 recto,
816 2661 939 2747 postico
971 2659 1087 2724 leviter
1118 2660 1254 2742 sinuato,
1285 2659 1445 2722 exteriore
1476 2657 1591 2720 fortius
1614 2655 1657 2718 si-

385 2785 481 2832 nuato
506 2767 633 2851 angulis
656 2767 923 2854 prominentibus
948 2765 1075 2830 modice
1091 2767 1125 2829 in
1141 2777 1365 2830 transversum
1381 2785 1565 2828 convexum
1580 2784 1656 2826 nus-

383 2897 480 2961 quam
504 2874 670 2937 reflexum.
697 2873 947 2960 Paracyrnbium
974 2871 1186 2957 Eriperroritm
1209 2873 1412 2958 propriarum
1444 2893 1509 2933 non
1540 2891 1656 2933 conve-

384 3003 463 3044 xum
487 2981 520 3043 in
545 2993 768 3045 transversum
794 2993 853 3063 est,
882 2979 938 3044 sed
970 2978 1058 3042 infra
1089 2977 1256 3062 reflexum,
1288 2989 1432 3044 ceterum
1463 2995 1654 3056 concavum

383 3109 459 3175 pars
483 3088 611 3171 reflexa,
635 3109 717 3173 quae
741 3087 809 3150 sola
833 3086 961 3150 facilius
985 3087 1138 3167 cernitur,
1170 3107 1234 3149 non
1266 3095 1321 3149 aut
1351 3106 1414 3148 non
1438 3084 1540 3147 multo
1564 3081 1656 3146 latior

384 3217 480 3280 quain
504 3194 638 3279 longior,
662 3195 782 3278 abasi,
806 3217 888 3280 qnae
912 3193 1006 3256 modo
1031 3192 1202 3256 rotundata
1225 3192 1319 3256 modo
1343 3189 1496 3275 angulata
1518 3201 1575 3272 est,
1590 3189 1655 3275 api-

385 3323 455 3364 cem
480 3323 595 3365 versus
618 3300 866 3386 inaequabiliter
898 3299 1040 3382 dilatata,
1074 3299 1175 3364 latere
1199 3299 1353 3364 inforiore
1383 3300 1416 3361 in
1448 3319 1561 3362 arcum
1583 3295 1655 3383 plus

385 3409 535 3472 minusve
559 3431 738 3472 concavum
763 3409 806 3489 (in
833 3409 974 3492 Erigone
998 3410 1124 3492 vaporati
1154 3411 1282 3494 parum)
1307 3415 1449 3488 orrrvatO,
1481 3403 1581 3468 latere
1604 3425 1656 3464 su-

384 3515 509 3600 periore
539 3516 711 3598 insigniter
733 3513 909 3599 inaequali:
933 3513 973 3577 ad
1000 3516 1125 3600 apicem
1149 3515 1183 3576 in
1208 3514 1314 3575 sinum
1337 3513 1383 3574 ita
1406 3512 1525 3590 excis0,
1549 3521 1584 3574 ut
1600 3531 1655 3574 an-

384 3621 480 3706 gulus
504 3621 638 3708 apicalis
663 3623 809 3706 superior
839 3620 949 3684 lobum
982 3621 1114 3684 brevem
1146 3617 1353 3682 rotundatum
1385 3617 1516 3700 formet3
1547 3639 1654 3702 margo

385 3728 518 3816 apicalis
531 3728 735 3816 paracymbii
752 3727 868 3792 leviter
884 3738 914 3790 et
930 3749 1033 3813 paene
1050 3726 1262 3812 aequabiliter
1285 3725 1436 3788 arcuatus
1452 3727 1653 3806 (convexus);

385 3835 524 3919 angulus
556 3835 690 3923 apicalis
720 3833 857 3898 inferior
889 3834 1097 3920 saepissimae
1128 3830 1202 3920 plus
1235 3833 1384 3894 minusve
1413 3830 1599 3916 productus,
1621 3831 1651 3891 in

385 3945 526 4028 Erigone
549 3945 676 4028 nupciali
699 3964 762 4004 non
786 3945 961 4028 productus
985 3951 1015 4004 et
1039 3951 1147 4004 rectus
1171 3939 1250 4004 fere.

918 4123 1025 4130 ....—..

492 4264 643 4326 Feminae
667 4263 753 4347 quod
777 4264 900 4345 attinet,
924 4262 964 4324 ad
988 4285 1034 4344 ea,
1057 4283 1140 4348 quae
1156 4260 1197 4324 de
1212 4281 1324 4325 earum
1347 4261 1498 4348 epigynis
1522 4258 1594 4324 aliis
1610 4258 1653 4321 lo-

386 4371 433 4434 cis
457 4371 581 4456 scripsi.
605 4392 669 4432 non
692 4370 754 4432 nisi
778 4389 891 4455 pauca,
915 4369 1005 4444 eheu,
1030 4368 1149 4432 addere
1168 4391 1308 4456 possum.
1333 4367 1485 4432 Feminae
1502 4367 1655 4452 hipone-

387 4499 469 4542 rum:
493 4499 613 4562 coprus,
628 4475 876 4560 cristatopalpoe,
891 4479 1043 4561 iugorum,
1053 4477 1257 4558 promiscuae,
1279 4475 1474 4540 martinianus
1489 4496 1554 4537 non
1571 4473 1653 4536 novi.

386 4584 572 4670 Epigynam
596 4585 752 4669 Emporiae
776 4584 918 4667 vaporalis
941 4581 1092 4668 discripsi
1115 4593 1147 4645 et
1171 4580 1330 4646 delineari
1355 4581 1388 4644 in
1412 4601 1521 4666 opere:
1555 4581 1655 4664 „Ara-

386 4712 466 4754 ueae
492 4691 710 4774 Hungariae“,
735 4689 798 4754 vol.
823 4693 852 4752 2.

493 4799 629 4882 Ertpoae
652 4805 722 4860 otro
754 4808 785 4858 et
816 4797 1067 4880 E.de11tc'polpia
1094 4795 1248 4859 differunt
1280 4795 1320 4858 ab
1351 4795 1389 4858 Ε.
1411 4797 1539 4878 arctico,
1563 4792 1655 4880 longe
