3664 5734
1398 533 1463 596 549

188 751 329 823 ornatur,
352 743 406 825 ita,
431 753 466 806 ut
489 763 587 826 supra
624 741 721 827 duplo
757 756 811 806 aut
835 741 908 827 plus
943 741 1042 828 duplo
1076 742 1202 828 longior
1225 744 1344 808 evadat
1366 767 1463 830 quam

189 847 304 912 subter.
329 848 507 912 Processus
531 848 673 912 exterior
694 859 727 913 et
750 849 883 914 interior
907 849 984 913 item
1007 849 1133 915 desunt.
1169 851 1344 915 Processus
1368 873 1463 936 supe-

187 953 287 1020 riores
311 955 377 1040 (fig.
402 955 457 1034 31)
492 966 591 1018 totam
627 954 832 1021 latitudinem
856 957 956 1041 partis
980 956 1102 1021 tibialis
1125 971 1292 1044 occupant,
1316 961 1388 1022 sinu
1414 972 1463 1022 sat

188 1060 348 1147 profundo
365 1073 497 1126 arcuato
514 1062 598 1126 inter
613 1083 648 1126 se
664 1061 923 1148 distinguentem
947 1065 1081 1128 interior
1104 1064 1327 1151 complanatus
1351 1063 1463 1129 lamel-

188 1167 333 1247 lifcrmis
357 1169 498 1234 exterior
521 1168 649 1234 modice
672 1191 847 1242 convexus,
881 1170 1034 1236 interiore
1069 1170 1177 1256 paullo
1211 1170 1346 1256 longior,
1373 1181 1462 1236 ente-

187 1277 272 1339 riora
297 1297 413 1340 versus
437 1285 469 1340 et
492 1275 601 1362 paullo
625 1298 753 1340 sursum
777 1289 808 1340 et
832 1278 919 1341 intus
954 1277 1106 1361 directus,
1131 1277 1240 1364 paullo
1264 1279 1462 1354 incurvatus

188 1381 315 1467 longior
338 1406 434 1468 quam
460 1383 562 1464 letica
599 1384 725 1469 apicem
760 1406 874 1448 versus
898 1383 1025 1449 modice
1059 1397 1090 1448 et
1125 1407 1226 1471 paene
1250 1384 1463 1471 aequabilioer

187 1499 378 1569 attenuatus,
402 1492 495 1576 apice
513 1503 690 1570 truncatus,
715 1491 843 1574 angulis
860 1491 1027 1556 subrectis.
1051 1492 1228 1556 Processus
1250 1493 1384 1556 interior
1406 1514 1463 1556 ex-

187 1598 302 1662 teriore
327 1596 429 1660 multo
454 1595 550 1662 latior
574 1609 605 1662 et
629 1596 723 1661 latior
758 1619 852 1684 quam
888 1599 1023 1682 longior,
1059 1597 1219 1684 obliquus,
1253 1599 1404 1684 quoniam
1428 1599 1462 1661 iu
1525 1643 1527 1648 ,

187 1702 314 1790 obliquo
338 1705 484 1788 marg'no
510 1704 625 1790 apicali
659 1706 757 1791 partis
781 1703 902 1770 tibialis
927 1707 1015 1784 situs
1055 1705 1219 1770 lamellem
1255 1705 1372 1768 format
1395 1703 1463 1768 fere

187 1811 391 1896 trapeaieam.
416 1811 536 1896 angulo
560 1811 677 1897 apieali
706 1812 865 1876 exteriore
889 1811 1039 1876 subrecto
1071 1814 1175 1897 (apice
1198 1811 1391 1895 rotundato),
1414 1812 1463 1874 iu·

186 1917 302 1982 teriore
327 1917 422 1982 valde
445 1919 568 1985 obtuso.

721 2083 931 2090 --nu———m—

293 2237 418 2302 Bulbus
442 2237 592 2323 genitalis
616 2240 828 2326 Eriqcucrum
852 2241 1053 2326 propriarum
1077 2241 1225 2325 (excepta
1250 2241 1287 2304 E.
1310 2240 1462 2324 gramini·

187 2342 276 2426 cola),
299 2367 381 2430 quas
404 2347 492 2429 novi,
520 2358 651 2431 aparte
678 2345 820 2431 „basali“
859 2357 985 2410 constat
1012 2357 1044 2410 et
1072 2369 1113 2410 ex
1140 2346 1348 2432 „terminali·⁶.
1383 2345 1462 2410 Pars

187 2449 306 2516 besalis
330 2451 369 2516 ab
395 2454 460 2517 imo
483 2453 638 2538 adspecta
661 2453 828 2518 anfractus
853 2453 934 2516 duos
959 2453 1078 2519 format
1111 2463 1296 2518 transverse
1331 2453 1463 2540 posit0s3

187 2579 298 2642 margo
322 2557 457 2643 apiculis
482 2559 649 2624 anfractus
674 2561 809 2626 secundi
827 2563 860 2624 in
877 2559 978 2624 latere
994 2560 1152 2624 exteriore
1176 2559 1265 2624 bulbi
1290 2560 1462 2647 productus

187 2677 235 2728 est
257 2665 292 2728 in
315 2663 425 2729 lobum
451 2689 681 2752 compressum,
705 2667 778 2753 plus
803 2669 953 2731 minusve
977 2666 1143 2732 evolutum
1167 2671 1193 2750 (l
1215 2668 1250 2730 in
1273 2666 1325 2751 fig.
1343 2669 1394 2750 35,
1410 2667 1462 2748 36,

188 2771 254 2854 38);
279 2770 403 2858 reliqua
427 2795 502 2857 pars
526 2773 692 2838 anfractus
729 2774 825 2838 huius
848 2776 882 2838 in
907 2797 943 2838 ec
967 2775 1068 2838 lutere
1097 2774 1188 2838 bulbi
1212 2775 1273 2838 sita
1297 2772 1462 2858 estquod

187 2877 220 2940 in
244 2877 372 2943 alveolo
396 2879 537 2946 laminae
561 2881 689 2945 tarselis
713 2882 805 2964 iacet,
841 2883 874 2946 in
899 2881 998 2946 bulbo
1021 2903 1085 2944 non
1110 2879 1244 2946 distorto
1267 2883 1376 2966 itaque
1398 2901 1462 2944 non

188 2986 395 3070 conspicitur,
419 3000 555 3073 excepto
579 2989 678 3072 apice.
702 2991 756 3074 qui
782 2991 816 3052 in
838 2987 939 3052 latere
962 2989 1120 3052 exteriore
1144 2987 1233 3052 bulbi
1258 2989 1393 3072 emergit
1416 2987 1463 3051 la-

188 3090 302 3157 mellae
326 3114 462 3158 eorneae
486 3095 597 3174 instar,
633 3097 792 3160 anteriore
815 3117 930 3159 versus
954 3097 1106 3175 directam
1142 3093 1270 3159 lamella
1304 3094 1385 3159 baec
1406 3097 1462 3179 (cp

188 3198 221 3260 in
243 3198 369 3283 figuris)
393 3201 426 3263 in
452 3199 552 3265 bulbo
576 3223 640 3266 non
664 3201 799 3267 distorto
823 3201 863 3266 ad
888 3214 1012 3288 partem
1035 3201 1276 3284 „terminaleffl
1302 3203 1463 3287 pertinere

189 3303 325 3370 videtur.
350 3307 429 3370 Pars
454 3308 633 3372 terminalis
658 3308 861 3393 sparticulis
885 3308 1011 3373 duabus
1035 3311 1178 3374 interum
1203 3310 1379 3394 composita
1400 3317 1462 3373 ert:

187 3409 288 3476 altera
311 3415 378 3498 (pm
402 3415 436 3476 in
460 3413 512 3500 fig.
536 3416 588 3498 46,
613 3418 664 3492 47,
689 3418 745 3491 48)
769 3415 1024 3498 membranacea,
1051 3415 1235 3498 dilacerata,
1258 3437 1339 3501 quae
1365 3453 1403 3462 --
1429 3416 1462 3479 ni

189 3517 283 3582 fallor
375 3521 573 3604 „conductor
608 3522 745 3587 emboli“
771 3534 827 3606 est,
867 3523 969 3588 altera
992 3527 1118 3605 cornea
1157 3522 1253 3588 valde
1291 3521 1462 3608 inaequali,

187 3647 269 3711 quae
292 3626 455 3693 embolum
480 3630 631 3693 eontinet.
655 3629 821 3694 Particula
843 3629 1023 3694 terminalis
1045 3652 1164 3696 cornea
1187 3630 1255 3697 fere
1278 3643 1463 3694 transverse

188 3733 249 3797 sita
272 3746 329 3818 est
352 3735 387 3797 in
411 3734 511 3800 latere
535 3736 688 3801 interiore
711 3738 743 3800 in
770 3735 925 3821 angulum
952 3737 1023 3823 plus
1049 3739 1200 3802 minusve
1223 3749 1353 3801 acutum
1378 3736 1462 3800 desi·

187 3840 243 3924 nit,
268 3839 355 3904 foras
379 3840 474 3906 latior
497 3843 540 3926 fit,
563 3845 597 3906 in
614 3845 760 3928 margine
784 3846 891 3908 antico
915 3845 1021 3909 medio
1045 3855 1101 3909 aut
1133 3865 1230 3930 prope
1253 3867 1326 3908 eum
1350 3841 1462 3908 eculeo

187 3945 260 4031 plus
284 3950 435 4013 minusve
459 3949 595 4027 euoluto³
621 3951 707 4016 foras
732 3961 763 4015 et
786 3953 947 4015 anteriora
969 3974 1085 4016 versus
1109 3951 1231 4015 directo
1246 3961 1386 4033 ornatur,
1410 3973 1461 4014 ee-

188 4063 292 4117 terum
316 4067 424 4120 eutem
449 4055 601 4120 dentibus
618 4058 745 4122 varium
761 4059 795 4122 in
813 4058 944 4122 modum
962 4058 1101 4122 evolutis
1124 4060 1286 4122 instructa
1309 4067 1365 4140 est,
1382 4079 1462 4142 quos

190 4162 388 4246 „posticum“
416 4173 447 4227 et
474 4163 657 4248 „medium
684 4173 715 4226 et
741 4164 924 4249 „anticum“
952 4163 1195 4250 appellabimus.

292 4269 456 4333 Dentibus
495 4270 599 4334 tribus
634 4284 791 4334 ornantur
814 4273 847 4334 in
871 4283 962 4358 parte
986 4271 1147 4336 terminali
1170 4281 1309 4358 (praeter
1332 4271 1461 4335 dentem

188 4375 412 4460 marginalem)
441 4377 616 4462 Erigonae:
638 4401 763 4463 caysus,
780 4381 905 4460 arctico,
923 4380 1121 4464 longipolpt's,
1134 4379 1365 4463 psycbropbilo,
1387 4381 1461 4442 tiro·

189 4483 288 4563 ἰειιεὶε,
315 4486 569 4568 cristatopulpua
595 4488 797 4551 teeaimanus.
814 4493 938 4568 renota,
956 4488 1108 4570 luporum,
1133 4494 1214 4568 atra,
1236 4509 1341 4570 capro,
1359 4485 1461 4550 denti-

191 4588 247 4652 bus
272 4588 398 4654 duobus
422 4589 538 4655 modo:
563 4593 601 4656 Ε.
626 4593 816 4676 deretipclpis
839 4605 870 4656 et
883 4595 1071 4676 promiscua.
1097 4595 1234 4678 It'n'pcue
1255 4615 1372 4678 copone
1395 4615 1462 4656 me-

189 4693 331 4760 diocrem
354 4695 449 4760 modo
473 4697 720 4762 similitudinem
744 4721 818 4762 cum
841 4698 974 4785 reliquis
998 4699 1153 4763 affinibus
1177 4699 1345 4786 speciebus
1369 4721 1461 4786 prae-

189 4800 253 4883 bet3
278 4825 319 4866 ex
341 4802 393 4866 his
416 4803 576 4891 imprimis
608 4804 729 4868 similes
753 4807 837 4870 inter
860 4828 894 4869 se
918 4817 993 4870 sunt
1023 4805 1149 4871 fabrice
1172 4806 1263 4870 bulbi
1293 4804 1460 4891 genitalis:
