3664 5734
1393 499 1455 564 541

183 719 238 787 est
262 731 361 794 suprs
385 711 426 796 ¹l0
444 720 499 776 sut
517 710 556 796 ²J,
574 709 705 776 brevior
727 731 822 796 quem
850 732 922 795 pers
946 709 1120 796 patellaris,
1144 712 1235 797 apice
1258 709 1370 776 subter
1393 733 1457 776 non

183 816 283 884 multo
306 816 435 902 lougius
458 839 554 906 quam
580 839 679 902 supra
701 815 866 904 producta.
891 816 1076 902 Processus‚
1104 817 1257 904 inquom
1280 818 1458 903 productus

182 936 230 990 est
253 945 337 1011 apex
360 924 462 1010 pertis
484 922 582 988 buius
606 923 702 1006 infru,
737 923 848 988 subter
872 922 966 988 modo
989 923 1161 990 tuberculo
1185 926 1304 1009 optime
1327 923 1457 998 evoluto

182 1043 324 1116 ornetur,
347 1030 443 1096 modo
466 1029 564 1096 nullo.
589 1031 733 1096 Dorsum
756 1031 858 1116 pertis
881 1029 1003 1096 tibialis
1027 1031 1090 1116 (fig.
1111 1037 1136 1112 1,
1165 1033 1213 1114 17,
1238 1032 1289 1115 58,
1313 1032 1368 1116 59)
1391 1054 1456 1101 urin

181 1137 295 1226 procul
319 1139 359 1204 ab
383 1139 476 1224 spice
498 1137 594 1202 dente
617 1137 813 1204 instructum
837 1151 886 1202 est
909 1137 981 1224 plus
1005 1139 1156 1202 minusve
1180 1137 1317 1221 evoluto,
1353 1151 1457 1204 truns-

181 1267 275 1312 rerse
299 1245 410 1331 posito,
434 1243 526 1310 lateri
550 1245 703 1310 exteriori
727 1245 888 1332 propiore3
911 1245 996 1310 inter
1021 1243 1150 1310 dentem
1173 1245 1261 1310 buno
1284 1257 1316 1310 et
1332 1247 1457 1332 apicem

92 1395 94 1402 ·
181 1365 339 1418 exouvmu
364 1351 433 1416 sive
456 1353 615 1437 impressu
638 1361 784 1437 estpars
808 1350 939 1418 tibialis.
963 1352 1076 1436 Margo
1100 1351 1234 1437 spiculis
1259 1362 1394 1438 quatuor
1410 1352 1457 1416 lo-

182 1459 228 1524 cis
254 1457 325 1544 plus
350 1460 505 1524 minusve
523 1461 653 1524 excisus
677 1481 847 1544 processus
871 1471 926 1524 aut
951 1459 1063 1524 dentes
1086 1458 1205 1524 formet
1228 1472 1365 1545 quatuor
1388 1481 1456 1522 mu-

182 1567 264 1630 iores
288 1566 502 1652 minoresque,
525 1565 694 1652 plerosque
719 1565 925 1630 mediocriter
948 1567 1149 1652 perspicuos:
1181 1565 1313 1654 reliquis
1342 1565 1457 1633 melius

181 1673 330 1738 evolutus
354 1683 402 1738 est
425 1695 595 1758 processus
620 1673 730 1738 subter
754 1674 843 1738 situs.
869 1674 1031 1738 anteriora
1066 1695 1180 1738 versus
1205 1684 1237 1737 et
1260 1673 1348 1738 intus
1372 1672 1457 1736 dire-

181 1791 260 1860 ctus,
293 1793 342 1844 sat
366 1778 459 1854 latus,
491 1781 583 1868 spice
613 1779 742 1866 oblique
778 1779 1149 1862 rotundato-truncatum
1188 1801 1391 1866 properum,
1422 1781 1457 1844 in

181 1885 282 1952 latere
306 1887 458 1952 interiore
481 1886 634 1952 inferiore
669 1887 748 1952 dens
785 1886 865 1952 situs
889 1899 937 1952 est
971 1887 1081 1952 brevis
1104 1899 1226 1970 ocutus,
1262 1909 1456 1972 uprocessu

179 1992 335 2058 inferiore
359 1995 431 2058 sinu
456 2004 506 2058 snt
529 1993 688 2080 profundo
712 1995 839 2080 optime7
875 2016 1069 2079 uprocessu
1094 1994 1258 2080 superiore
1281 2016 1359 2058 vcro
1383 1994 1456 2058 sinu

180 2101 236 2166 vix
263 2099 328 2165 ullo
352 2099 538 2182 distinctum
561 2101 676 2188 reliqui
712 2101 776 2164 duo
802 2122 971 2186 processus
1010 2101 1125 2166 breves
1150 2099 1254 2166 valde.
1283 2099 1348 2184 leti
1372 2101 1457 2166 inter

181 2230 215 2271 se
239 2209 312 2271 sinu
338 2230 450 2294 purum
475 2231 628 2294 expresso
652 2208 806 2292 distincti,
831 2207 912 2274 alter
935 2209 968 2272 in
993 2208 1092 2274 lutere
1116 2209 1275 2273 exteriore
1293 2208 1457 2292 superiore

181 2315 270 2380 situs.
295 2317 456 2380 anteriore
480 2338 595 2382 versus
619 2315 773 2380 directus.
808 2315 891 2380 ulter
915 2317 947 2378 in
973 2315 1071 2378 lutere
1106 2317 1272 2400 superiore
1297 2315 1457 2398 interiore,

181 2423 273 2508 epioe
297 2421 407 2508 paullo
431 2445 558 2486 sursum
583 2422 696 2488 flexus.

288 2530 444 2614 Eriperrue
467 2531 655 2616 loupipalpis
678 2529 803 2613 (Sund.)
838 2530 932 2594 Thor.
968 2528 1054 2614 pulpi
1090 2551 1153 2592 non
1179 2551 1290 2615 parurn
1328 2529 1457 2594 varient

180 2635 288 2700 forme
312 2635 377 2720 (lig.
402 2637 431 2718 2,
456 2636 485 2718 3,
512 2638 559 2702 18.
588 2640 648 2716 19).
675 2636 823 2721 Exempli
852 2637 946 2700 unius
970 2661 986 2700 e
1012 2637 1171 2718 cruxiuris,
1196 2658 1277 2722 quae
1301 2635 1379 2718 vidi,
1403 2656 1456 2698 ce-

181 2741 409 2828 pbulotborece
436 2746 503 2808 1·47
530 2767 605 2808 mm.
637 2743 742 2828 longo,
774 2765 849 2830 pers
873 2743 1038 2808 femoralis
1065 2747 1144 2824 lbi),
1184 2741 1348 2829 patellaris
1372 2742 1455 2826 077,

181 2849 301 2914 tibialis
325 2851 409 2932 075,
432 2850 561 2914 terrulis
575 2857 595 2927 ²]
619 2853 693 2916 067
718 2849 825 2935 lougu3
862 2850 1001 2936 exempli
1027 2851 1161 2934 minimi,
1192 2849 1277 2936 quod
1303 2849 1379 2932 vidi,
1404 2870 1456 2912 (ue-

182 2955 410 3042 pbslothoruce
438 2959 506 3022 1²18
531 2957 635 3043 longo,
658 2971 767 3046 partes
791 2957 1046 3046 respondentes:
1069 2959 1152 3039 096,
1169 2957 1252 3039 039,
1275 2957 1358 3038 ott,
1382 2955 1457 3022 052

182 3063 310 3149 lougee3
334 3086 408 3150 pars
431 3063 596 3151 patellaris
619 3063 709 3129 illius
734 3066 840 3150 itaque
863 3064 962 3150 duplo
986 3063 1054 3130 fere
1078 3064 1207 3128 brevior
1234 3085 1330 3148 quem
1355 3063 1456 3128 femo-

181 3170 267 3247 rslis,
292 3171 350 3234 vix
373 3170 500 3255 longior
521 3195 619 3258 quum
642 3195 718 3257 psrs
742 3171 863 3236 tibialis
898 3171 1030 3256 (supra),
1068 3169 1174 3256 psullc
1209 3170 1334 3254 longior
1357 3191 1454 3256 quem

183 3300 254 3364 purs
278 3277 417 3360 tesselis,
440 3278 537 3343 huius
560 3280 732 3364 insigniter
755 3279 884 3344 brevior
907 3301 1001 3365 quum
1020 3278 1156 3342 dimidiu
1180 3299 1255 3362 pars
1279 3276 1454 3361 femoralis,

182 3384 289 3473 peullo
313 3385 443 3450 brevior
466 3409 562 3472 quum
586 3385 715 3470 tibialis
751 3387 923 3471 insigniter
958 3387 1088 3450 brevior
1122 3407 1220 3471 quum
1254 3383 1397 3462 tursulis3
1420 3385 1454 3448 in

181 3492 329 3578 exemplo
354 3515 471 3578 magno
494 3493 627 3558 dorsum
652 3494 752 3580 partis
777 3491 942 3578 protellaris
966 3491 1101 3556 dimidio
1134 3491 1261 3576 longius
1285 3503 1333 3556 est
1358 3513 1456 3577 quum

180 3621 352 3686 processus
376 3599 510 3686 spiculis
535 3623 599 3666 uns
623 3623 696 3665 cum
721 3599 878 3664 diametro
903 3601 1004 3686 pertis
1028 3599 1133 3680 buius,
1158 3601 1192 3664 in
1209 3598 1358 3683 exemplo
1382 3619 1455 3684 pur-

180 3730 220 3772 vo
243 3709 360 3794 quarte
383 3719 472 3793 purte
497 3707 592 3772 ruodo
626 3707 766 3792 longius3
804 3731 877 3794 pars
912 3707 1034 3772 tibialis
1073 3707 1195 3772 directo
1219 3731 1238 3770 u
1261 3705 1361 3772 lutere
1385 3706 1456 3770 visa

180 3813 219 3900 η’,
246 3812 375 3898 longior
397 3835 494 3900 quum
517 3816 610 3900 epioe
643 3815 696 3898 (ab
722 3815 841 3899 ungulo
875 3813 991 3900 spiculi
1027 3815 1192 3900 superiore
1227 3813 1268 3878 ud
1298 3810 1455 3898 ungulum

178 3919 336 4008 upicslcm
360 3921 562 4000 inferiorem)
597 3921 662 3986 lats
685 3923 718 3986 in
743 3919 891 4008 exemplo
927 3944 1053 4006 magno,
1092 3923 1130 4004 ΙΙ,
1155 3919 1249 3984 modo
1272 3920 1399 4004 longior
1421 3919 1455 3984 in

177 4051 290 4116 parvo.
336 4029 450 4114 Margo
487 4029 622 4116 apiculis
657 4031 758 4114 partis
792 4028 914 4094 tibialis
950 4051 1121 4116 processus
1156 4039 1294 4114 quatuor
1328 4027 1455 4112 sonunt,

177 4136 339 4222 equibus
364 4135 499 4202 inferior
522 4147 554 4200 et
576 4138 720 4202 exterior
742 4147 774 4202 et
798 4137 945 4223 superior
969 4136 1094 4200 sinibus
1118 4135 1288 4220 profundis
1313 4135 1397 4198 inter
1420 4157 1454 4198 se

177 4241 433 4327 distinguuntur,
458 4243 605 4329 superior
639 4265 712 4307 oum
749 4244 901 4308 interiore
937 4265 1012 4308 vero
1047 4244 1194 4328 margine
1229 4263 1341 4328 parurn
1366 4243 1456 4305 iuue-

176 4347 274 4437 quali,
315 4349 409 4413 ruodo
449 4351 563 4415 leviter
586 4351 636 4414 bis
660 4352 789 4416 sinuato
824 4351 1040 4436 coniungitur,
1079 4350 1132 4434 itu,
1168 4361 1203 4414 ut
1237 4371 1310 4434 pars
1334 4346 1454 4414 tibialis

178 4457 277 4520 etiarn
302 4455 506 4541 processibus
522 4457 627 4522 tribus
644 4469 757 4522 ornatu
773 4457 837 4524 dici
854 4460 963 4544 possit.
991 4459 1163 4524 Processus
1187 4455 1323 4521 inferior
1347 4452 1454 4540 paullo

179 4561 308 4646 longius
330 4584 427 4647 quam
453 4564 600 4648 superior
624 4563 808 4649 productus,
841 4565 948 4650 paullo
971 4564 1120 4650 obliquus
1144 4564 1317 4643 (anteriore
1341 4583 1454 4627 versus

287 4793 306 4854 ¹)
326 4795 391 4844 Prrs
410 4809 530 4846 convexo
550 4795 665 4846 luminas
685 4797 800 4846 tursslis.
