3664 5734
1385 521 1450 588 553

178 729 262 797 linea
285 730 437 796 mediana
459 731 552 797 bulbi
576 733 721 818 positam,
745 731 896 797 deorsum
919 743 950 798 ot
972 754 1088 820 parum
1103 734 1265 798 anteriora
1288 743 1448 800 versuset

177 837 262 902 foras
287 836 457 919 directam3
482 860 501 902 a
523 837 624 902 latere
646 839 737 902 visus
762 849 919 924 augustus
943 849 1000 924 eat,
1023 839 1163 904 linearis.
1188 839 1353 904 levissime
1376 863 1449 928 pro

177 967 307 1028 curvus,
331 945 422 1033 apice
445 945 587 1009 obtusus.
622 947 713 1010 Dens
745 945 871 1009 medina
903 945 971 1009 fere
1002 947 1035 1008 in
1067 946 1174 1011 fronte
1205 947 1311 1010 dentis
1333 948 1449 1035 postici

176 1052 265 1136 sitos,
288 1051 440 1116 deorsum
464 1064 497 1116 et
519 1050 627 1139 paullo
650 1052 810 1116 anteriora
832 1073 947 1116 versus
964 1052 1118 1136 directus,
1140 1052 1385 1138 lamellil'ormis,
1404 1054 1451 1120 la-

176 1169 243 1224 tera
264 1159 418 1223 interiora
441 1157 600 1235 subrecta
628 1159 788 1224 exteriore
812 1181 886 1222 cum
910 1158 1029 1246 apioali
1053 1160 1224 1224 rotundato
1247 1173 1278 1224 et
1301 1183 1376 1224 oum
1398 1162 1450 1224 in-

176 1267 291 1330 teriore
322 1266 356 1330 in
388 1263 544 1350 angulum
575 1264 764 1330 subrectum
796 1267 941 1350 coeunti,
972 1265 1117 1353 paullulo
1152 1267 1281 1352 oblique
1314 1270 1449 1354 positus:

176 1373 323 1458 margine
347 1371 464 1459 apioali
487 1373 576 1436 intus
599 1383 631 1436 et
653 1370 763 1460 paullo
794 1373 956 1436 anteriora
986 1395 1099 1438 versus
1130 1373 1265 1454 directo,
1300 1397 1319 1438 a
1350 1378 1448 1440 latere

176 1480 267 1544 visus
297 1501 363 1544 non
394 1478 495 1544 multo
527 1478 621 1544 latior
652 1501 749 1564 quam
780 1477 861 1543 dens
891 1481 1042 1565 postious,
1074 1481 1103 1544 ci
1134 1479 1318 1568 paralleluS,
1349 1503 1450 1568 aeque

176 1589 270 1671 longe
301 1597 397 1671 atque
420 1585 475 1650 ille
498 1585 649 1650 deorsum
681 1587 876 1672 prominens,
907 1584 1078 1652 latitudine
1109 1588 1228 1674 ubique
1259 1587 1449 1674 subaequali

176 1705 230 1758 aut
254 1695 380 1780 apicem
403 1715 518 1758 versus
541 1692 686 1780 paullulo
702 1691 861 1776 dilatatus,
886 1693 978 1780 apice
998 1715 1082 1780 pone
1097 1693 1277 1776 rotundato,
1300 1707 1374 1760 ante
1397 1717 1449 1760 re-

175 1799 336 1884 ctangulo.
361 1802 451 1864 Dens
474 1801 601 1866 anticus
617 1823 636 1864 a
651 1811 743 1886 parte
759 1799 911 1864 interiore
924 1800 1077 1866 inferiore
1092 1801 1182 1866 visus
1205 1823 1305 1888 prope
1325 1802 1450 1888 apicem

176 1929 273 1994 snpra
296 1905 464 1972 tuberculo
495 1905 665 1970 rotundato
696 1917 837 1989 ornatus,
860 1908 945 1972 inter
971 1917 1129 1994 punctum
1153 1931 1316 1972 summum
1338 1908 1449 1974 tubor-

176 2013 240 2078 ouli
263 2024 295 2078 ct
319 2015 444 2100 apicem
468 2035 563 2076 suum
585 2013 747 2100 profunde
770 2023 955 2078 excavatus.
980 2014 1085 2101 Prope
1107 2015 1290 2100 marginem
1306 2017 1449 2080 antinum

175 2121 360 2186 interiorem
384 2119 495 2184 carina
518 2120 699 2184 evidentior
722 2119 820 2184 nulla.

281 2227 438 2313 Erigonae
460 2229 593 2292 aratione
616 2227 681 2312 (fig.
706 2227 757 2310 36,
781 2227 836 2306 48)
868 2227 948 2292 dens
971 2229 1114 2315 postious
1139 2229 1171 2292 in
1196 2227 1330 2292 dimidio
1358 2227 1448 2294 bulbi

175 2334 334 2398 exteriore
365 2334 457 2417 situs,
487 2357 506 2397 a
536 2333 624 2398 linea
646 2333 797 2398 mediana
831 2333 940 2421 paullo
971 2347 1113 2400 remotus
1145 2335 1265 2416 (minus
1292 2357 1389 2421 quam
1412 2336 1447 2400 in

174 2441 317 2528 Erigorrd
340 2443 432 2524 atr-d),
456 2463 561 2527 neque
584 2463 657 2504 eam
680 2441 853 2525 attingens,
884 2453 919 2505 ut
947 2443 981 2504 in
1005 2442 1147 2526 Erigond
1174 2447 1278 2525 ouprd,
1308 2441 1444 2527 ligulam

175 2547 293 2612 format
315 2546 445 2633 oblique
467 2547 614 2635 positam
645 2546 827 2632 oblongam,
858 2545 1009 2612 deorsum
1033 2557 1065 2612 et
1093 2547 1203 2636 paullo
1227 2549 1314 2612 toras
1337 2559 1368 2614 at
1391 2571 1449 2614 an·

174 2655 292 2719 teriora
315 2677 429 2718 versus
453 2655 618 2718 directam.
658 2655 687 2718 A
711 2654 808 2718 dente
832 2653 945 2738 medio,
979 2666 1012 2718 ut
1036 2656 1070 2718 in
1093 2656 1235 2741 Erigond
1257 2663 1336 2740 atrd,
1366 2655 1448 2720 dens

173 2761 226 2826 bio
250 2773 300 2826 sat
323 2761 387 2826 late
411 2761 517 2846 distat,
542 2783 646 2848 neque
662 2763 747 2826 inter
762 2783 837 2826 eum
860 2772 892 2826 ct
914 2763 1095 2847 marginem
1119 2764 1219 2850 partis
1243 2762 1363 2828 besalis
1384 2764 1445 2828 im-

173 2891 305 2956 pressus
329 2881 386 2950 est,
412 2881 445 2932 ut
472 2870 505 2932 in
526 2869 668 2954 Erigond
685 2872 790 2953 coprd.
813 2869 904 2934 Dens
921 2868 1047 2934 medius
1072 2868 1209 2934 formam
1233 2870 1312 2934 ferri
1328 2871 1446 2956 equini,

174 2975 290 3040 similis
314 2975 382 3040 fere
406 2987 501 3061 atque
523 2977 557 3038 in
580 2977 724 3062 Eripoud
746 2979 819 3041 otrd
842 2974 939 3040 habet
962 2975 1091 3056 (leviter
1106 2977 1264 3057 excavati,
1287 2977 1444 3062 margini-

173 3082 234 3147 bus
257 3083 403 3167 obtusis)‚
434 3080 535 3146 multo
566 3093 674 3146 tamen
706 3085 812 3146 minor
843 3094 899 3164 est,
931 3082 972 3147 ab
997 3083 1061 3146 imo
1084 3083 1174 3148 visus
1202 3094 1328 3171 partem
1350 3083 1446 3148 modo
1496 3103 1505 3132 ⁴

172 3212 310 3277 parvam
333 3189 474 3254 mediam
497 3189 677 3276 particulae
699 3189 880 3254 terminalis
904 3211 1040 3254 corneae
1063 3188 1203 3255 occultat
1219 3191 1335 3255 eteius
1359 3213 1445 3256 mar-

172 3297 279 3381 gines:
301 3297 462 3384 posticum
486 3307 518 3362 et
540 3296 704 3360 internum
727 3296 822 3380 longe
845 3319 909 3360 non
934 3298 1072 3382 attingit.
1096 3296 1177 3362 Orus
1201 3299 1343 3362 anticum
1367 3297 1446 3363 den-

172 3405 214 3468 tis
237 3402 345 3488 buius,
367 3403 454 3490 quod
476 3426 590 3468 versus
608 3402 736 3468 dentem
753 3405 898 3468 anticum
914 3403 1073 3468 directum
1089 3413 1147 3488 ost,
1163 3405 1196 3468 in
1214 3404 1342 3468 dentem
1357 3404 1445 3470 buno

172 3533 237 3574 non
262 3511 338 3594 abit,
370 3510 427 3576 sed
451 3510 558 3574 subito
589 3510 763 3597 abruptum
786 3521 842 3589 est,
874 3521 909 3574 ut
932 3511 966 3574 in
990 3511 1028 3574 Ε.
1053 3515 1158 3594 ooprd.
1192 3511 1297 3597 Prope
1321 3510 1361 3574 ab
1385 3509 1446 3574 hoc

173 3639 268 3682 crure
290 3617 450 3704 particula
473 3616 653 3681 terminalis
670 3639 788 3681 cornea
804 3617 914 3681 carina
930 3627 1063 3681 ornatur
1077 3639 1192 3704 parum
1208 3615 1345 3700 evoluta,
1365 3616 1447 3681 obli·

172 3727 243 3809 qui,
267 3740 353 3788 retro
377 3733 409 3790 et
431 3725 520 3788 intus
544 3724 676 3808 directa,
701 3735 774 3790 ante
798 3745 872 3788 oum
898 3722 993 3788 dente
1009 3722 1115 3786 medio
1131 3723 1339 3808 contingenti,
1362 3745 1446 3810 pona

173 3832 213 3897 ab
236 3853 274 3895 eo
298 3829 486 3896 discedenti.
510 3831 549 3896 In
574 3830 672 3895 bulbo
696 3831 817 3895 directo
841 3853 861 3894 a
883 3829 982 3894 latere
1006 3831 1166 3894 exteriore
1189 3829 1340 3918 adspectu
1362 3830 1443 3896 dans

172 3937 316 4025 poeticus
332 3936 426 4001 modo
442 3960 557 4024 parum
572 3939 742 4025 prominet,
764 3936 964 4022 latiusoulns,
980 3937 1074 4000 latior
1089 3961 1186 4024 quam
1203 3936 1335 4021 longior.
1352 3938 1447 4002 modo

173 4045 277 4129 magis
300 4055 449 4108 exsertus
471 4043 601 4129 longius
625 4045 777 4108 deorsum
799 4045 940 4131 pertinet
963 4067 1059 4131 quam
1083 4045 1163 4108 deus
1187 4043 1314 4107 medius
1337 4055 1369 4108 st
1385 4043 1445 4108 du·

172 4149 225 4239 plo
249 4153 378 4216 circiter
402 4150 527 4236 longior
549 4174 646 4237 quarn
675 4149 771 4214 latior
794 4151 938 4232 videtur3
974 4150 1053 4214 dens
1085 4149 1211 4214 medius
1238 4150 1390 4214 deorsum
1412 4161 1446 4216 et

172 4269 258 4322 retro
281 4257 433 4342 directus,
458 4259 549 4345 apiae
572 4259 716 4339 obtusus,
748 4258 843 4322 dente
874 4259 997 4346 postico
1027 4256 1134 4336 latior,
1169 4259 1309 4322 interae
1334 4256 1445 4324 dentes

173 4365 205 4428 bi
229 4363 324 4428 modo
348 4366 535 4448 contingere
559 4364 654 4428 modo
669 4366 808 4452 proximi
825 4388 894 4429 esse
910 4364 1073 4428 videntur.
1095 4365 1188 4428 Dens
1204 4366 1330 4429 anticus
1344 4387 1444 4452 prope

173 4472 297 4558 apicem
320 4471 353 4533 in
379 4471 526 4556 margine
550 4472 714 4558 superiore
738 4470 905 4536 tuberculo
930 4469 1108 4556 rotundato,
1137 4470 1219 4534 bene
1242 4470 1371 4534 evoluto
1395 4471 1444 4535 in·

173 4589 324 4643 structus.

278 4683 403 4750 Bulbus
442 4684 593 4769 genitalis
632 4687 791 4750 varietatis
828 4687 1004 4750 maritimae
1041 4707 1105 4749 non
1144 4684 1274 4748 differre
1313 4683 1442 4750 videtur

173 4813 191 4854 a
216 4791 315 4856 bulbo
338 4791 496 4878 Erigonae
519 4793 651 4856 arcticos
674 4794 802 4878 typicae
825 4793 887 4854 nisi
913 4791 1008 4856 dente
1031 4793 1153 4880 postico
1183 4790 1292 4879 paullo
1323 4789 1445 4856 latiore.

224 4925 322 4964 surram
337 4925 378 4964 111.
1360 4918 1375 4969 7
